2858 4620
264 340 323 403 XX
680 326 1000 406 Ρ33133333333,Ι

263 553 341 617 aem,
374 531 412 595 31
444 531 502 596 331
524 529 556 593 Α
583 530 734 595 familiam
767 531 825 596 eod
853 528 881 594 0
908 530 1062 613 pertinere
1093 531 1294 597 manifestum
1326 537 1389 598 est.

263 638 392 703 Maioris
424 639 574 703 momenti
606 641 654 702 est
686 637 769 720 qnod
798 638 865 702 fata
891 637 985 702 huius
1014 638 1129 702 3311313
1157 639 1216 704 hoc
1240 638 1389 705 Galeardi

262 745 441 809 testimonio
465 745 559 808 allato
584 747 727 809 accurate
748 746 896 824 poterunt
916 743 980 807 iam
1003 743 1145 807 enarrari.
1168 743 1249 808 Nam
1268 743 1388 810 Cister-

262 851 382 916 eienses
413 852 581 916 monachos
609 849 789 915 monasterii
816 849 854 913 de
876 848 967 913 Noua
988 849 1088 913 Fossa
1111 849 1194 931 quod
1216 851 1313 915 situm
1336 854 1390 915 est

260 975 355 1039 prope
383 957 578 1020 Tarracinam
609 956 775 1020 tradidisse
802 959 928 1038 apparet
954 955 1093 1021 codicem
1122 955 1387 1023 cisterciensibus

259 1063 439 1127 monasterii
460 1063 607 1127 basilicae
631 1061 829 1127 Sessorianae
853 1061 985 1127 Sanctae
1004 1062 1113 1128 Crucis
1135 1063 1166 1127 13
1184 1063 1387 1128 Hierusalem

260 1168 314 1251 qui
337 1189 408 1234 eum
431 1169 536 1253 magni
553 1169 665 1234 fecisse
684 1168 831 1233 uidentur
848 1172 975 1252 propter
991 1169 1198 1234 narrationem
1216 1169 1254 1234 de
1271 1169 1386 1235 inuen-

259 1275 344 1339 tione
375 1275 477 1340 erucis
509 1294 587 1357 qnae
619 1278 699 1340 13313
731 1275 865 1340 Henrico
891 1273 1026 1344 Schenkl
1056 1275 1078 1339 1.
1102 1294 1127 1340 3.
1152 1294 1177 1341 3.
1204 1276 1237 1341 13
1268 1275 1385 1342 ultimo

258 1381 333 1447 lolio
366 1384 466 1446 exstat
498 1381 684 1463 conscripta:
716 1381 786 1446 1313
814 1382 845 1446 13
871 1381 957 1446 illam
989 1382 1083 1446 codex
1110 1382 1200 1447 cuius
1228 1401 1309 1447 nunc
1333 1387 1386 1449 est

259 1488 380 1552 delatus
416 1490 465 1552 est
499 1487 731 1570 bybliothecam
765 1488 963 1552 Britanicam.
1002 1485 1123 1566 Quodsi
1157 1488 1237 1553 Pius
1265 1487 1384 1554 Knoell

256 1595 277 1658 l.
303 1614 327 1659 3.
352 1614 377 1659 3.
401 1597 485 1659 33313
513 1594 624 1659 statuit
652 1594 790 1658 codicem
817 1594 1009 1677 descriptum
1033 1613 1101 1659 esse
1125 1613 1141 1659 3
1164 1594 1271 1659 331133
1293 1593 1383 1658 Vati·

258 1720 331 1765 3333
356 1720 438 1765 3333.
462 1700 521 1765 VH
548 1720 604 1765 333
631 1719 691 1765 333
716 1700 930 1765 dubitabimus
954 1700 1382 1783 331311113313113333113-

257 1808 408 1890 seriptum
439 1806 482 1870 sit
503 1826 539 1870 ex
561 1806 666 1871 codice
690 1805 793 1888 ahquo
816 1806 954 1871 Romano
979 1806 1046 1869 3133
1069 1805 1177 1870 eodem
1200 1805 1268 1870 siue
1290 1806 1381 1872 illius

258 1913 355 1977 simili
386 1932 478 1995 quem
511 1915 639 1976 exeunte
668 1930 748 1976 3333.
771 1911 816 1975 Vl
843 1912 1008 1995 usurpauit
1035 1910 1203 1995 Gregorius
1231 1910 1380 1995 Magnus.

258 2018 478 2083 Columnarum
505 2019 601 2082 trium
629 2017 688 2081 duo
718 2017 848 2082 confinia
869 2018 1048 2082 notauimus
1071 2018 1171 2081 tribus
1194 2018 1293 2083 hastis
1318 2019 1381 2084 hoc-

256 2125 363 2190 modo:
389 2121 427 2211 111,
452 2124 590 2189 codicem
618 2124 671 2206 qui
698 2124 800 2188 solum
828 2126 922 2205 caput
950 2124 1011 2187 148
1040 2124 1180 2187 seruauit
1205 2124 1312 2189 littera
1344 2124 1380 2190 Ο.

298 2230 407 2312 Neque
430 2229 512 2294 enim
535 2229 691 2312 permulta
713 2228 1148 2311 3333313313111311111331311
1170 2233 1243 2311 post
1263 2249 1381 2296 annum

256 2339 318 2401 500
343 2336 513 2400 etiamtunc
536 2338 658 2400 exarata
681 2354 750 2399 3333
774 2334 920 2399 credibile
939 2338 995 2400 331.
1020 2335 1161 2399 Detrarit
1178 2337 1287 2419 331333
1305 2355 1382 2402 auc·

254 2442 375 2507 toritati
402 2440 572 2523 scriptoris,
597 2440 650 2521 qui
676 2440 777 2505 multa
805 2440 929 2504 doceret
951 2441 1141 2505 dissonantia
1163 2442 1200 2505 ab
1224 2441 1381 2508 eeclesiae

254 2547 395 2611 doctrina
413 2550 445 2610 31
463 2564 553 2626 quem
579 2547 668 2608 caute
691 2545 857 2628 legendum
877 2564 945 2610 3333
965 2547 1073 2610 331113
1091 2546 1170 2611 13313
1190 2547 1383 2612 adnotarunt

253 2654 437 2734 interpretes
465 2651 558 2715 huius
585 2650 664 2727 aeui,
686 2650 829 2733 inprimis
853 2651 935 2733 quod
958 2670 1024 2733 cap.
1050 2653 1110 2716 107
1135 2654 1380 2719 consummabo·

252 2780 323 2823 nem
347 2759 465 2822 saeculi
487 2757 554 2821 fieri
576 2757 629 2821 illo
654 2776 732 2821 3333
757 2757 905 2821 13333331
925 2757 1133 2840 Hippolytum
1161 2762 1299 2837 secutus,
1323 2760 1378 2824 de*

252 2865 325 2928 inde
353 2865 435 2946 quod
456 2863 626 2947 Augustini
654 2862 785 2927 allorum
811 2863 930 2926 indices
958 2865 1058 2928 multo
1083 2864 1210 2928 aderant
1231 2863 1378 2930 utiliores

252 2989 308 3035 neo
341 2968 576 3035 commendabat
608 2988 678 3032 eum
709 2969 879 3052 Augustini
913 2969 1064 3034 iudicium
1099 2971 1131 3034 in
1169 2970 1303 3052 epistola
1334 2971 1377 3036 ad

253 3074 508 3154 1133133111333]
537 3075 592 3138 1113
617 3075 782 3157 prolatum,
807 3075 860 3156 qui
885 3075 1094 3158 Epiphaniam
1121 3077 1220 3140 multo
1248 3077 1376 3142 doctius
1420 3089 1422 3092 ’

250 3182 397 3246 1111331313
429 3181 467 3244 13
495 3200 530 3249 33
554 3195 588 3245 re
616 3180 803 3244 disseruisse
829 3180 878 3244 bis
904 3185 1039 3246 testatus
1067 3182 1109 3245 sit
1130 3180 1258 3265 (Oehler
1281 3182 1375 3266 Corp.

250 3287 416 3352 haeresiol.
438 3287 454 3350 l
476 3305 506 3368 p.
529 3283 614 3370 189).
636 3285 746 3366 Neque
770 3286 946 3350 etiamnunc
968 3285 1106 3351 Filastrii
1128 3287 1229 3350 multa
1250 3289 1376 3352 exstant

252 3392 437 3476 exemplaria
459 3411 559 3474 33333
582 3410 679 3455 unum
703 3394 804 3455 exstat
825 3392 988 3475 exemplar,
1011 3393 1095 3475 quod
1115 3393 1272 3476 integrum
1300 3412 1374 3457 con-

249 3499 349 3562 tineat
371 3498 563 3581 scriptorem.
592 3496 653 3561 Sed
678 3517 754 3561 casu
776 3498 881 3563 euenit
901 3498 1083 3564 felicissimo
1107 3502 1144 3563 ut
1165 3518 1200 3563 ex
1224 3499 1269 3564 eis
1293 3518 1374 3581 3333

249 3608 371 3670 3331331
393 3604 620 3688 exemplaribus
642 3607 745 3669 totum
766 3605 982 3669 reconcinnare
1000 3605 1158 3688 possimus
1176 3606 1372 3688 scriptorem,

249 3713 416 3777 editionem
430 3711 516 3774 illam
532 3709 600 3775 dico
612 3729 704 3791 quam
720 3729 796 3774 anno
807 3711 870 3775 430
880 3711 994 3776 factam
1009 3730 1077 3775 3333
1088 3729 1181 3793 supra
1190 3711 1373 3778 statuimus.

110 3823 181 3917 {222
183 3821 241 3915 103·
295 3817 328 3902 2)
351 3816 455 3898 Atque
487 3833 568 3880 saec.
592 3815 637 3879 IX
664 3815 805 3879 exstabat
830 3815 861 3879 13
890 3815 992 3880 Callia
1019 3816 1114 3881 codex
1139 3815 1279 3881 Filastrii
1301 3837 1372 3899 per-

248 3926 396 3988 uetustus
425 3925 480 3986 331
504 3921 626 4004 integer
653 3924 707 3984 aut
732 3921 763 3983 in
786 3922 887 4002 eapite
909 3923 1042 3987 mutilus
1066 3923 1213 3988 detractis
1237 3941 1326 4006 3333.
1353 3928 1370 3989 1

247 4032 332 4094 -28
357 4049 436 4111 3333
459 4024 616 4093 continent
638 4028 781 4099 haereses
799 4027 935 4092 XXVIII
958 4049 1035 4111 3333
1058 4030 1144 4094 fuere
1162 4032 1232 4094 3313
1252 4029 1372 4097 Christi

246 4136 433 4219 passionem.
470 4137 549 4198 Eum
578 4133 717 4198 codIcem
745 4134 820 4198 33113
848 4135 1049 4219 neglegenter
1075 4135 1242 4218 descripsit
1262 4155 1372 4202 mona-

13 4284 34 4421 1
247 4245 323 4308 chus
356 4242 479 4324 qnidam
507 4241 596 4306 cuius
624 4241 822 4324 apographon
849 4242 965 4306 facturn
990 4261 1070 4308 saec.
1093 4242 1141 4306 IX
1163 4244 1274 4324 333133
1296 4238 1379 4309 con?
