2866 4614
447 351 451 358 ⁸
547 285 778 344 uxum-xxx.
887 333 891 339 .
1187 293 1227 356 15

98 500 156 564 per
177 481 329 559 umbram,
354 484 386 544 et
407 480 452 544 ita
475 498 508 545 se
531 499 661 563 passum
683 481 792 559 fuisse,
817 501 887 547 eum
911 500 981 560 non,
1005 481 1118 565 inquit,
1141 485 1226 565 pate·

97 589 197 652 retur.
230 584 291 664 Qui
322 589 354 651 ot
386 586 521 651 audebat
552 587 654 652 dicere
684 588 836 652 mundum
873 589 911 652 ab
944 589 1062 672 angelis
1097 588 1270 665 factumi

97 693 228 777 angelos
263 693 368 757 autem
399 691 499 757 laotos
531 711 549 756 e
579 703 655 765 (se)
687 692 875 774 quibusdam
902 693 1046 758 sensibus
1075 692 1113 757 de
1140 693 1225 758 caelo

96 798 249 883 praedito,
282 815 398 880 eosque
429 796 580 863 fefellisse
611 834 656 866 aes
688 817 787 881 genus
820 799 990 866 hominum.
1027 798 1269 863 Intellectum5

63 908 207 971 sautem
231 903 385 987 quendam
409 904 505 968 alium
530 905 646 968 adserit
669 923 747 980 esse,
772 904 825 986 qui
849 903 1009 970 descendit
1026 906 1058 969 in
1076 906 1226 969 mundum

83 1011 213 1076 'salutis
242 1029 337 1075 causa
362 1009 536 1088 hominum,
560 1009 712 1074 Helenam
741 1010 839 1088 illam,
862 1010 973 1093 inquit,
998 1011 1130 1094 quaein
1153 1011 1225 1075 Tro·

93 1117 168 1182 iano
199 1116 284 1182 bello
309 1135 330 1179 a
356 1117 457 1200 poetis
489 1116 670 1180 uanissimis
704 1116 787 1180 edita
813 1116 983 1180 nuntiatur.
1016 1118 1056 1180 Et
1082 1117 1226 1195 uirtutes,
1249 1114 1268 1177 6

93 1223 318 1306 inquitl,quae
349 1223 501 1287 mundum
533 1222 680 1298 sesessit,
713 1223 966 1305 eoncupiscentia
998 1223 1108 1288 ductae
1139 1224 1224 1288 illius

93 1329 236 1394 Helenae
260 1328 445 1407 seditionem
464 1330 645 1395 mouebant.
673 1329 739 1393 Ista
763 1329 842 1393 enim
867 1328 1092 1413 derelinquit,
1114 1348 1225 1395 conou-
1250 1324 1267 1387 7

46 1455 75 1494 ro
93 1434 283 1519 placentiam
319 1433 384 1499 illis
421 1434 606 1513 uirtutibus,
644 1438 675 1499 et
707 1435 737 1498 in
770 1434 870 1519 figura
901 1435 1034 1499 feminea
1065 1453 1224 1517 apparens,

94 1541 263 1606 ascendere
285 1539 317 1603 in
340 1541 461 1604 eaelum
485 1559 546 1604 non
569 1544 703 1622 poterat,
727 1540 801 1622 quia
824 1540 957 1605 uirtutes
979 1540 1010 1604 in
1034 1540 1120 1605 eaelo
1146 1558 1224 1621 quae

90 1649 185 1712 erant
220 1665 281 1710 uon
318 1664 386 1709 eam
421 1645 645 1729 permittebant
681 1646 861 1720 ascendere;
902 1641 1084 1728 expectabat
1120 1648 1225 1710 autem

94 1752 249 1816 uirtutem
286 1752 388 1830 aliam,
425 1752 458 1815 id
494 1753 545 1815 est
574 1751 662 1836 Magi
695 1752 797 1834 ipsius
834 1751 970 1817 Simonis
1005 1751 1223 1833 praesentiam,

94 1877 177 1940 quae
210 1877 278 1922 eam
310 1859 447 1923 saluaret
473 1857 652 1923 adueniens.
685 1858 838 1941 Ligneum
866 1857 960 1921 etiam
983 1876 1108 1937 equum,
1132 1876 1223 1939 quem
1247 1862 1266 1938 8

43 1982 74 2024 aa
92 1966 208 2048 poetae
231 1964 394 2029 uanissimi
413 1963 570 2029 dicuntia
590 1964 722 2028 Troiano
740 1963 824 2027 bello
843 1963 952 2041 finisse,
971 1962 1223 2046 perallegoriam

92 2068 215 2134 ademit
241 2069 325 2151 quod
350 2070 406 2134 illa
432 2069 576 2134 maehina
601 2068 780 2152 ignorantia
807 2074 873 2133 erat
904 2069 1120 2133 uniuersorum
1152 2087 1223 2152 gen-

93 2167 180 2239 tium
201 2174 379 2258 impiarum,
403 2194 476 2239 oum
498 2176 620 2239 constet
641 2174 729 2239 illam
751 2175 914 2250 Helenam,
938 2193 1016 2257 quae
1039 2193 1110 2239 cum
1128 2173 1222 2256 Mago

93 2283 173 2359 erat,
204 2279 242 2345 de
269 2280 348 2364 Tyro
376 2280 571 2345 meretricem
600 2280 709 2358 luisse,
736 2281 878 2363 hancque
910 2279 1042 2344 eundem
1065 2278 1222 2344 Simonem

92 2386 226 2470 Magum
263 2386 362 2451 fuisse
399 2390 554 2465 secutum,
592 2388 623 2451 et
659 2406 731 2451 eum
772 2386 881 2450 eadem
922 2385 1060 2450 diuersas
1102 2384 1223 2468 magias

38 2518 71 2558 eo
93 2491 283 2574 diuerseque
324 2492 442 2556 scelera
481 2494 684 2575 perpetrasse.
726 2490 787 2570 Qui
826 2511 898 2556 cum
938 2491 1061 2575 fugeret
1095 2492 1265 2559 beatnm9

90 2598 224 2666 Petram
262 2598 441 2680 apostolum
478 2598 515 2661 de
550 2598 830 2663 Hierusolimitana
865 2598 993 2662 ciuitate
1028 2597 1222 2678 Romamque

92 2701 267 2781 deueniret,
288 2703 395 2786 ibique
417 2707 573 2787 pugnaret
595 2723 667 2768 eum
689 2703 781 2769 beato
804 2703 946 2786 apostolo
970 2703 1052 2785 apud
1068 2699 1222 2766 Neionem

91 2797 211 2893 regern,
245 2808 389 2876 deuictus
421 2809 558 2892 undique
591 2809 728 2874 oratione
760 2808 845 2874 beati
876 2809 1009 2892 apostoli
1036 2812 1129 2890 atque
1155 2826 1223 2889 per·

93 2931 210 2978 cussus
238 2913 277 2978 ab
305 2914 413 2999 angelo
442 2913 488 2979 sic
514 2913 630 2979 meruit
655 2914 790 2993 interire,
818 2917 855 2979 ut
878 2914 945 2980 eius
967 2913 1071 2998 magia
1094 2912 1222 2978 euidens
1254 2933 1256 2936 ·

40 3041 73 3083 aa
93 3037 133 3082 ae
151 3018 353 3084 mendacium
377 3020 499 3086 cuneus
522 3020 701 3086 hominibus
723 3020 893 3103 patefieret.

641 3196 673 3260 Η

140 3335 218 3401 Post
254 3335 338 3400 huuc
369 3335 559 3401 Menandrus
596 3338 721 3420 quidam
758 3337 880 3403 nomine
910 3373 924 3403 a
956 3335 1010 3419 qui
1045 3335 1221 3419 discipulus
1239 3345 1312 3400 xxx

95 3437 198 3505 factus
220 3440 332 3523 ipsius,
355 3441 551 3524 impietatem
573 3446 623 3507 est
645 3444 712 3508 eius
736 3448 862 3508 secutus
884 3444 916 3508 in
940 3441 1110 3513 omnibus!

131 3631 227 3694 aaa
276 3638 334 3692 (ee)
352 3631 451 3685 addidi
468 3648 501 3685 ec
518 3626 679 3701 Epiphanio
691 3648 721 3700 p.
743 3631 822 3686 60A
842 3628 923 3686 560
955 3630 1123 3701 4praeditis
1175 3647 1221 3685 aa·

98 3716 222 3772 ddenmt
242 3719 330 3773 ueluti
351 3719 430 3774 baec:
456 3736 485 3773 se
508 3737 567 3774 eum
590 3720 622 3774 de
647 3721 720 3775 eaelo
745 3719 917 3774 descenderet
940 3723 968 3772 et
993 3719 1102 3789 angelos
1126 3717 1221 3772 fecisse

98 3807 346 3878 Sconcupiseentip
364 3806 391 3860 A
461 3807 585 3877 tinguit
601 3825 644 3862 om
661 3808 688 3861 A
706 3808 738 3861 ia
750 3807 809 3877 fiae
821 3807 945 3876 papissae
1009 3807 1045 3862 10
1061 3804 1176 3859 feminae
1194 3805 1222 3857 Β

99 3896 132 3950 12
150 3893 321 3965 exspectabat
334 3895 361 3948 Β
414 3898 450 3952 14
468 3913 547 3964 quem
560 3896 586 3948 Β
604 3912 672 3966 quae
690 3897 718 3951 A
767 3898 800 3953 ld
817 3894 951 3948 asseritB
1002 3894 1220 3948 uniuersarum-

100 3986 157 4036 erat
177 4000 220 4037 om
233 3982 281 4047 B¹,
303 3983 334 4036 s'n
355 4000 432 4053 marg
454 3985 503 4053 inf
521 3983 580 4038 add
679 3985 713 4039 18
734 3985 870 4038 matricem
892 3982 932 4037 B¹
1017 3982 1222 4038 231ationeA

99 4072 136 4127 24
152 4073 257 4142 magiae
275 4071 369 4126 uidene
387 4073 414 4126 Β
475 4075 510 4149 25
527 4072 667 4127 antefieret
684 4072 712 4126 A
769 4075 803 4129 27
816 4077 882 4141 poet
897 4072 1004 4125 nomine
1022 4072 1053 4125 in
1071 4071 1098 4125 A
1114 4071 1223 4130 ,litterae

102 4158 146 4227 qui
164 4158 278 4230 discipul
295 4175 392 4214 nacae
462 4160 562 4215 eccidit
578 4160 631 4214 fuit
682 4162 718 4216 28
735 4160 978 4218 lactus-omuibus
995 4160 1026 4213 sir
1042 4176 1092 4214 rae
1108 4158 1135 4211 Β
