2858 4620
225 288 265 350 32
407 281 583 337 FILASTRII
599 280 829 336 DIVXRSARVM
846 280 1035 336 HERXSEON
1052 280 1158 334 LIBER

114 544 116 546 ,
226 478 325 542 dicere
352 513 397 545 *a*
423 480 455 540 et
481 473 689 560 Apocalypsin
719 475 819 556 ipsius
851 475 960 539 itidem
991 495 1051 538 non
1082 474 1166 539 heati
1195 475 1343 540 Iohannis
1393 449 1396 454 ⁴

225 584 434 667 euangelistae
467 586 499 647 et
530 582 672 664 apostoli,
705 582 760 646 sed
787 581 923 647 Cerinthi
955 582 1091 659 heretici,
1120 582 1174 663 qui
1200 585 1275 647 tunc
1301 582 1342 646 ah

224 691 375 771 apostolis
419 690 519 753 heatis
565 689 720 753 hereticus
764 686 980 752 manifestatus
1026 688 1164 753 abiectus
1210 691 1259 753 est
1302 690 1343 753 ah

226 796 366 860 ecclesia.

715 952 850 1017 XXXIII
1373 971 1385 1010 s

149 1123 211 1177 LXI
271 1112 424 1176 Manichei
455 1115 527 1193 post
559 1114 615 1177 hos
644 1112 681 1176 de
708 1093 881 1176 Persidas
908 1113 999 1176 Mane
1026 1111 1150 1176 ofomino
1178 1112 1245 1176 siue
1268 1111 1346 1175 'Iur-

228 1220 307 1283 hone
337 1219 381 1283 ita
413 1219 495 1282 dicto
528 1222 732 1296 surrexerunt,
765 1219 902 1282 fomenta
933 1218 970 1282 de
1002 1219 1066 1283 illis
1094 1217 1268 1300 perniciosa
1293 1235 1347 1282 su-

186 1326 347 1391 2mentes
382 1323 546 1405 prioribus,
583 1324 637 1406 qui
673 1323 751 1387 duos
788 1323 872 1403 deos,
909 1343 1006 1387 unum
1036 1323 1153 1387 bonum
1184 1326 1216 1387 et
1245 1342 1366 1416 unum·

226 1429 344 1493 malum
367 1448 435 1493 esse
459 1429 645 1506 adserentes,
670 1432 701 1493 et
723 1448 858 1513 pugnam
880 1430 961 1493 inter
984 1429 1074 1493 deum
1099 1432 1130 1492 et
1156 1428 1247 1492 deum
1275 1447 1348 1493 esse

227 1535 450 1618 praedicantes,
474 1537 505 1598 et
527 1535 663 1599 hominis
686 1535 811 1616 quidem
835 1535 968 1599 animam
992 1534 1028 1598 de
1053 1534 1108 1598 deo
1132 1553 1200 1598 esse
1221 1535 1348 1617 proprie
1367 1559 1392 1596 ro

185 1648 205 1710 3
228 1644 382 1724 putantes,
406 1659 515 1723 corpus
535 1645 638 1705 autem
661 1660 679 1704 a
701 1640 823 1708 diaholo
842 1641 959 1706 factum
979 1641 1174 1718 arbitrantur,
1192 1658 1349 1705 resurrec-

228 1746 344 1811 tionem
367 1749 526 1829 negantes,
544 1747 698 1811 ¹iudicium
719 1765 779 1810 non
808 1750 977 1830 sperantes,
1005 1747 1169 1811 daemones
1197 1745 1348 1825 colentes,

231 1853 381 1917 elementa
412 1852 584 1930 adorantes,
618 1851 744 1917 deorum
777 1852 964 1934 dearumque
995 1852 1129 1929 nomina,
1160 1855 1197 1916 ut
1222 1852 1349 1935 pagani,

230 1959 419 2036 inuocantes,
443 1960 474 2022 et
496 1957 766 2023 masculofeminas
791 1957 1035 2044 quasdamllesse
1058 1958 1202 2022 docentes
1222 1960 1253 2022 et
1270 1957 1351 2022 utri-

231 2083 329 2146 usque
361 2067 487 2128 naturae
517 2064 694 2146 participes,
722 2067 754 2127 et
780 2064 927 2128 netandae
953 2063 1138 2145 turpitudini
1163 2063 1348 2131 seruientes.
1369 2081 1393 2122 ro

188 2166 293 2247 rQui
323 2169 361 2232 ah
394 2169 544 2234 Archelao
582 2173 687 2234 sancto
720 2171 864 2252 episeopo
895 2171 926 2232 in
959 2169 1166 2252 disputatione
1198 2169 1350 2250 superati,

232 2272 462 2357 abiectilatque
489 2275 596 2356 notati,
625 2275 814 2340 manifestati
842 2279 915 2340 sunt
941 2276 1096 2340 uniuersis
1122 2275 1154 2339 in
1181 2275 1236 2339 illo
1268 2275 1350 2338 tem·

230 2399 315 2462 pore,
347 2384 378 2444 et
404 2384 440 2444 ut
465 2382 599 2445 latrones
625 2382 687 2445 iam
714 2381 772 2445 sub
798 2381 898 2466 figura
927 2381 1128 2452 confessionis
1153 2378 1350 2446 Christianae

232 2484 402 2548 multorum
439 2484 555 2548 animas
595 2485 753 2549 mendacio
794 2503 829 2548 ac
869 2485 1012 2566 pecudali
1052 2484 1244 2567 turpitudine
1284 2503 1350 2550 non

190 2602 209 2664 5
233 2589 377 2654 desinunt
403 2591 575 2671 captiuare:
603 2591 656 2673 qui
684 2594 716 2655 et
741 2591 772 2655 in
794 2591 945 2673 Hispania
967 2595 998 2655 et
1020 2591 1154 2673 quinque
1176 2591 1350 2672 prouinciis
1369 2611 1396 2652 so

231 2694 327 2759 latere
350 2697 503 2775 dicuntur,
526 2697 705 2778 multosque
728 2697 785 2761 hac
809 2697 936 2762 cottidie
959 2697 1083 2760 fallacia
1106 2695 1271 2778 captiuare.

722 2959 853 3022 XXXIV

145 3136 220 3190 [ΧΠ
275 3115 339 3180 Alii
364 3119 438 3180 sunt
462 3115 638 3196 Patriciani,
666 3135 685 3180 a
709 3115 843 3181 Patricio
871 3115 1014 3197 quodam,
1043 3113 1096 3196 qui
1122 3114 1184 3177 fuit
1208 3112 1240 3177 in
1269 3113 1350 3178 urhe

231 3221 338 3284 Roma.
366 3220 409 3284 Hi
435 3239 555 3285 carnem
577 3220 710 3285 hominis
732 3239 792 3285 non
815 3239 834 3283 a
856 3220 912 3285 deo
935 3221 1048 3285 factam
1072 3219 1228 3296 adserunt,
1252 3217 1307 3282 sed
1331 3238 1352 3284 a

190 3325 354 3404 2diaholo
391 3326 585 3392 arbitrantur.
624 3327 713 3391 Hanc
750 3326 843 3391 etiam
880 3323 1134 3390 contemnendam
1173 3327 1204 3388 et
1242 3323 1349 3391 modis
1367 3351 1396 3392 ss

318 3559 511 3626 dicaearchea
527 3559 668 3627 Angustia.
688 3558 720 3613 de
737 3559 838 3613 haeres.
857 3559 890 3612 61

269 3716 345 3773 lm
362 3713 480 3770 excidere
506 3718 535 3768 et
561 3714 728 3783 euangelium
755 3718 814 3769 cata
835 3714 992 3769 Iohannem:
1020 3715 1148 3769 tacueram
1174 3721 1200 3769 et
1220 3714 1352 3770 actosa

233 3803 346 3871 agnouit
414 3805 442 3855 et
460 3787 628 3871 apocalypsin
646 3801 673 3854 Β
690 3802 860 3872 apocalypsin
878 3802 905 3855 A
973 3803 1058 3872 ipsius
1076 3819 1119 3856 om
1133 3802 1161 3855 Β
1212 3805 1352 3871 2cerynti

233 3890 260 3942 Β
278 3889 407 3943 cerenthii
423 3890 450 3943 A
519 3889 662 3944 habeatne
680 3888 716 3942 Β1
782 3891 935 3960 desemine]
953 3891 1060 3945 homine
1121 3890 1305 3960 Iperniciosa
1322 3892 1353 3946 Β

233 3977 384 4049 pernitiosis
402 3978 429 4030 A
499 3978 627 4031 sumentis
645 3980 672 4030 A
726 3980 757 4033 12
775 3977 900 4032 demones
917 3979 944 4031 A
963 3978 1100 4032 daemonia
1113 3978 1140 4033 Β
1192 3978 1227 4036 14
1243 3994 1352 4034 mascu-

233 4065 275 4118 los
292 4065 404 4119 feminas
421 4065 449 4120 A
501 4067 534 4121 15
550 4065 724 4134 turpitudinis
741 4065 769 4120 A
820 4068 853 4122 21
872 4082 903 4120 ac
919 4067 947 4119 A
991 4054 1114 4120 ⁸cotidie
1131 4066 1159 4119 Β
1227 4064 1353 4122 fallacias

235 4152 263 4205 A
313 4155 351 4208 24
367 4163 442 4221 roma
458 4152 486 4205 A
554 4153 594 4206 hii
611 4155 637 4206 A
