2858 4620
186 279 226 341 10
366 275 543 331 nrnssnau
559 257 790 332 nrvnasaavu
806 275 994 332 nnansncu
1013 276 1121 332 urana

185 488 241 534 suo
264 469 429 552 portabant
451 473 482 533 et
503 473 627 550 portant
649 471 681 535 in
703 488 839 554 corpore,
864 490 943 553 quae
965 471 1108 537 dominus
1131 471 1247 555 ubique
1269 473 1301 537 in

183 576 253 659 lege
281 577 424 642 uetuerat
449 574 515 639 fieri
550 575 622 657 quia
652 594 789 659 paganae
816 576 977 642 caecitatis
1003 577 1080 642 haec
1108 581 1173 641 erat
1193 578 1302 662 impie·

133 689 152 747 4
183 684 242 746 tas.
274 682 340 745 Has
371 680 468 765 igitur
498 678 875 749 beatissimuslldnechias
905 701 957 746 rer
987 682 1206 764 impressiones
1234 685 1302 748 siue

184 787 375 868 sculptiones
399 786 494 851 deleri
512 786 607 851 iussit
624 789 717 869 atquo
735 787 815 851 ferro
833 786 900 851 radi
917 788 1042 871 penitus
1061 791 1155 871 atque
1173 788 1302 867 excindi,

183 912 307 957 neronum
340 893 433 956 etiam
466 896 639 975 serpentem
668 892 778 975 deponi
806 896 898 976 atque
927 893 1026 978 frangi
1052 896 1223 977 praecepit:
1246 913 1302 978 pro
1312 918 1328 958 -c

186 1018 247 1080 qno
274 998 384 1063 merito
413 1002 462 1064 est
483 998 633 1063 liberatus
656 1017 675 1062 a
697 998 820 1064 dominc
844 1000 881 1065 de
904 999 1064 1065 obsidione
1087 1002 1173 1064 tanta
1194 1000 1302 1064 Persa-

182 1125 251 1168 mm
284 1107 314 1167 et
341 1104 548 1187 Assyriorum,
583 1107 657 1169 tunc
688 1105 837 1188 temporis
874 1105 927 1188 qui
962 1108 1111 1169 uenerant
1145 1104 1302 1187 captinaro

182 1194 367 1275 Iudaeorum
389 1210 538 1293 populum
562 1213 654 1292 atque
677 1210 849 1289 ciuitatem,
873 1213 910 1275 ut
930 1211 985 1275 illa
1007 1213 1107 1283 nocto,
1131 1230 1192 1292 qua
1213 1211 1302 1276 time·

132 1321 150 1381 5
183 1307 237 1380 bat
263 1317 409 1381 barbares
435 1335 486 1380 ren
508 1316 668 1394 Ezechias,
697 1317 826 1399 angelus
854 1316 972 1381 domini
999 1316 1036 1381 do
1064 1316 1148 1381 caelo
1178 1315 1302 1381 descen-

184 1422 269 1486 deret
300 1425 483 1503 centumque
516 1426 548 1486 et
578 1421 737 1506 octoginta
768 1422 903 1504 quinque
939 1422 1026 1495 milia
1059 1421 1302 1504 alienigenarum
1318 1447 1339 1487 ro

184 1528 357 1592 obsidentia
388 1526 548 1591 ciuitatem
578 1530 669 1591 nocte
702 1526 811 1592 ‘silenti
846 1530 1031 1610 percuteret,
1068 1530 1160 1610 atque
1196 1544 1301 1592 omnes

183 1632 322 1697 hominos
348 1633 500 1697 exanimes
524 1636 617 1715 atque
639 1635 780 1698 mortuos
803 1653 893 1700 mane
914 1634 979 1718 regi
1007 1633 1151 1716 omnique
1173 1633 1302 1698 ludaeo-

183 1759 252 1803 rum
273 1741 388 1822 populo
412 1740 644 1803 demonstraret.

704 1927 781 1980 XXII

228 2052 297 2116 Alia
320 2055 368 2116 est
390 2051 517 2130 heresis,
540 2056 577 2116 ut
599 2051 777 2117 Hiezechiol
799 2052 950 2135 propheta
977 2051 1025 2117 dei
1051 2052 1140 2118 iussu
1166 2052 1302 2136 peruidit
1320 2081 1339 2122 u

184 2159 242 2222 sub
278 2162 359 2222 terra
394 2157 425 2220 in
462 2159 611 2240 spelunca
647 2161 764 2223 stantes
801 2158 999 2243 septuaginta
1038 2159 1122 2224 uiros
1163 2158 1300 2224 seniores

131 2265 150 2326 2
183 2265 378 2341 ludaeorum,
405 2264 546 2330 tenentes
573 2265 726 2342 turabula,
756 2265 948 2348 diuersisque
975 2265 1142 2329 formarum
1172 2265 1301 2349 sculpti·

181 2372 265 2435 libus
289 2371 497 2436 sac1ificantes
521 2371 647 2436 eosdem
670 2373 762 2453 atque
786 2371 892 2436 eadem
916 2371 1087 2435 adorantes.

693 2558 784 2613 XXIII

224 2686 295 2750 Alia
322 2689 370 2750 est
396 2684 515 2749 heresis
536 2685 733 2753 Iudaeorum.
761 2704 854 2765 quam
881 2684 939 2750 sub
969 2686 1114 2768 spelunca
1137 2686 1227 2750 iussu
1251 2685 1301 2750 dei
1318 2711 1339 2752 a

183 2793 305 2877 cogitur
331 2791 491 2875 peruidere
518 2789 679 2873 propheta,
706 2790 852 2854 mulieres
880 2791 1021 2857 sedentes
1054 2794 1086 2856 et
1117 2793 1301 2875 plangentes

183 2899 336 2981 quendam
355 2897 493 2962 Thamna
513 2898 645 2971 nomme,
665 2896 718 2979 qui
736 2895 820 2960 filius
838 2897 921 2980 regis
940 2897 1104 2980 gentilium
1123 2897 1197 2973 luitl
1210 2897 1300 2963 cuius

131 3008 150 3068 2
182 3004 314 3095 Iudaeae
341 3002 487 3068 mulieres
516 3002 717 3068 simulacrum
744 3021 814 3067 cum
842 3002 966 3068 fletibus
993 3003 1161 3069 adorabant
1191 3003 1300 3086 impie-

182 3113 341 3192 tatemque
355 3109 519 3193 gentilium
535 3110 671 3173 colentes
690 3107 719 3172 ei
737 3109 843 3174 offerre
862 3108 1012 3174 sacrificia
1029 3129 1089 3174 non
1108 3109 1299 3177 desinebant.

183 3216 320 3280 Thamna
353 3215 434 3280 enim
466 3217 497 3279 et
522 3214 619 3279 Farao
650 3213 704 3279 ille
736 3214 896 3280 dicebatur
920 3235 972 3281 rox
993 3216 1216 3300 Aegyptiorum
1246 3215 1300 3298 qui
1317 3235 1339 3278 u

183 3322 241 3387 sub
264 3322 355 3385 beato
379 3321 468 3385 Mose
489 3320 654 3404 Aegyptiis
676 3320 871 3403 praesidebat
892 3320 947 3386 illo
969 3320 1000 3385 in
1023 3324 1172 3406 tempore.

699 3509 786 3564 XXIV

225 3636 295 3700 Alia
319 3640 368 3701 est
385 3635 551 3701 heresis'in
570 3635 705 3714 Iudaeis,
729 3655 817 3718 quaa,
840 3637 1009 3700 multorum
1029 3637 1119 3720 quasi
1136 3637 1298 3703 homiuum

270 3845 390 3901 lLeuit.
408 3844 494 3898 XXVI
514 3845 527 3898 1
546 3843 627 3908 Dent.
645 3843 708 3898 XVI
725 3844 759 3898 22
811 3844 883 3900 clv
900 3843 965 3914 Reg.
983 3843 1107 3902 xlxat‘
1150 3846 1296 3905 leuzech.

183 3934 360 3990 VllI11.l‘l
419 3931 701 3990 21nneeh.vlss14

217 4075 233 4128 7
251 4072 507 4127 tnnc-Iudaeorum
525 4089 567 4126 om
584 4073 632 4127 aed
648 4077 697 4127 ml
713 4073 745 4127 ia
761 4089 838 4141 marg
854 4073 982 4140 inferiore
999 4073 1055 4129 add
1134 4081 1168 4135 26
1185 4079 1270 4148 mose]
1287 4079 1297 4132 i

182 4180 262 4230 aacper
280 4180 295 4215 o
309 4163 403 4230 posuit
420 4165 474 4215 m2
