2858 4620
173 295 235 360 128
360 287 537 343 suessan
554 285 783 342 DwnRSARVM
799 284 989 342 Rauracos
1006 285 1112 341 LIBER

174 483 324 566 accipitur
346 482 405 546 lide
429 485 520 564 atque
540 480 732 559 credulitate,
752 480 947 563 aequalitatis
966 481 1080 564 quippe
1099 485 1131 547 et
1148 482 1292 551 ueritatis

131 636 133 640 ι
174 589 384 673 coniungenda
425 588 528 651 unitas
564 590 656 669 atque
693 585 820 652 colenda
854 587 993 669 potentia
1017 587 1241 669 'cognosciturl
1255 590 1292 655 ab

174 695 307 760 ecclesia
339 693 500 771 catholica,
531 711 592 757 non
623 692 655 756 in
687 691 810 756 diuersa
841 692 1012 757 maiestatis
1045 696 1100 758 aut
1130 696 1292 776 qualitatis

176 799 325 864 credenda
347 799 521 864 substantia
542 797 747 880 praedicatur,
770 801 806 862 nt
828 785 951 880 quidam
970 799 1136 865 aestimant
1153 801 1292 870 heretici.

131 917 151 980 3
175 904 265 985 Quod
288 909 319 970 et
342 905 484 970 dominus
508 904 610 969 dicere
634 904 780 988 diguatus
804 906 865 968 est:
897 905 1011 969 Putas
1042 905 1149 972 filins
1182 909 1294 974 homi·
1323 928 1340 968 ε

174 1013 241 1088 nis,
266 1031 346 1075 cum
369 1010 525 1084 uenerit,
548 1009 719 1075 inueniet
741 1009 852 1074 fidem
884 1029 996 1093 super
1026 1015 1180 1078 terram?
1214 1012 1295 1094 Quia

174 1122 306 1202 etanta
334 1119 485 1202 propheta
512 1116 594 1199 qnod
622 1120 695 1181 tnnc
724 1119 790 1180 erat
816 1116 846 1181 in
870 1117 988 1198 paucis,
1017 1115 1048 1182 et
1076 1122 1149 1202 post
1176 1119 1295 1186 Christi

173 1224 389 1307 praesentiam,
422 1223 599 1307 passionem
627 1226 659 1287 et
685 1224 940 1288 resurrectionem
968 1224 1034 1289 cius
1057 1261 1102 1294 *aa
1124 1225 1295 1310 diuinaque

174 1331 337 1408 sententio,
367 1330 450 1412 quod
477 1333 581 1394 essent
607 1328 857 1412 praeuaricaturi‚
884 1330 943 1394 hoc
969 1330 1014 1397 ita
1040 1331 1217 1397 nuntiatum
1241 1335 1295 1413 sit,

175 1440 211 1499 ut
239 1438 313 1501 suut
343 1435 472 1500 heretici
499 1435 590 1499 hodic
618 1433 671 1516 qnl
701 1454 719 1498 a
746 1434 856 1516 spiritu
879 1437 984 1500 sancto
1008 1438 1063 1502 aut
1085 1456 1103 1501 a
1124 1437 1188 1504 filio
1211 1459 1296 1506 rece
1313 1459 1340 1498 ιι

168 1541 282 1606 'dentes
306 1542 460 1606 diuersam
484 1541 658 1606 maiestatis
686 1544 716 1604 et
742 1541 897 1622 potentiae
924 1541 1177 1624 inaequalitatem
1203 1547 1296 1611 cotti-

132 1659 152 1720 4
177 1648 225 1712 die
252 1647 428 1730 praedicant
455 1647 640 1723 aberrantes,
668 1647 698 1710 in
726 1647 785 1710 hoc
808 1665 879 1730 ergo
902 1667 959 1736 uos
982 1650 1104 1731 oportet
1126 1668 1295 1735 agnoscere

177 1755 258 1836 quod
293 1754 494 1833 funiculus,
533 1756 567 1817 ut
603 1753 646 1817 ait
677 1752 832 1831 Salomon,
868 1754 1003 1837 triplex
1037 1774 1105 1820 non
1139 1756 1293 1822 disrum-

175 1868 293 1943 petur,
326 1859 414 1943 quod
437 1863 468 1924 et
496 1859 577 1923 credi
605 1857 698 1923 debet
720 1878 737 1923 a
759 1859 847 1923 nobis
872 1860 954 1941 quod
977 1861 1069 1925 etde
1092 1861 1198 1926 diuina
1220 1864 1296 1928 sub·

74 2013 76 2016 ,
177 1967 290 2040 stantia
321 1969 352 2030 et
378 1966 502 2049 propria
527 1965 671 2056 liliuset
698 1960 823 2059 sanctup
851 1965 893 2030 sit
919 1966 1026 2031 itidem
1050 1967 1188 2049 spiritus,
1212 1969 1295 2052 patri
1312 1982 1333 2025 1⁶

177 2073 290 2155 quippe
314 2091 445 2148 conexus
468 2071 499 2135 iu
523 2072 676 2148 omnibus,
700 2072 753 2154 qui
777 2074 809 2136 et
831 2073 975 2155 cognosci
998 2072 1090 2137 debet
1113 2076 1144 2138 et
1166 2075 1227 2140 coli
1255 2075 1293 2139 ab

159 2178 331 2256 omnibns.
362 2178 396 2242 ln
424 2178 482 2241 hac
509 2196 580 2260 ergo
610 2177 823 2255 coniunctione
849 2177 996 2258 baptismi
1024 2181 1054 2242 et
1077 2180 1215 2246 saluatcr
1236 2201 1294 2246 nos

179 2283 397 2366 dignatusest
422 2283 610 2360 confirmare,
637 2268 804 2364 imperans:
837 2284 974 2348 Euntes
1006 2284 1193 2367 baptizate
1225 2306 1294 2352 om-

178 2408 241 2454 nes
273 2392 401 2473 gentes
432 2389 641 2471 innomine
669 2390 787 2472 patris
816 2393 852 2454 et
878 2388 953 2453 filii
977 2396 1013 2454 et
1035 2391 1192 2473 spiritns
1217 2405 1304 2457 san⁸¹

134 2505 153 2566 5
178 2496 238 2562 cti.
270 2496 305 2560 In
333 2515 393 2578 quo
422 2496 640 2579 coniungentes
668 2496 768 2561 filium
794 2496 885 2577 patri,
913 2499 944 2560 et
966 2497 1108 2579 spiritum
1134 2515 1204 2562 cum
1228 2498 1293 2564 lilio
1309 2515 1334 2556 ao

179 2588 210 2666 et
231 2604 327 2684 patre,
350 2602 427 2666 hanc
446 2603 579 2666 salutem
598 2601 813 2686 cognoscimur
832 2601 981 2685 adepturi,
1001 2603 1150 2684 quianon
1169 2603 1294 2670 aliunde

179 2707 290 2772 salutis
312 2708 493 2785 remedium,
516 2708 576 2772 nisi
595 2707 707 2772 erfida
725 2709 782 2772 hac
800 2708 933 2772 humano
954 2709 1057 2792 generi
1076 2710 1294 2793 cognoscimus
1315 2711 1317 2714 ’

136 2837 148 2876 τ
179 2812 365 2878 adiuturam.
384 2813 472 2878 Unde
492 2816 523 2878 et
544 2814 576 2878 in
599 2814 655 2877 hac
680 2813 892 2878 coniunctione
917 2816 1039 2878 sanctae
1062 2813 1295 2898 adorandaeque
1318 2867 1320 2871 .

178 2917 327 3004 trinitatis
361 2918 540 3002 gaudemus,
573 2918 604 2982 in
637 2937 697 3001 qno
730 2922 800 2983 ante
831 2919 930 2983 Adam
962 2921 1049 3001 pater
1078 2922 1192 3004 noster,
1215 2921 1294 3004 Noe,

178 3025 342 3103 Abraham,
365 3025 489 3110 Moyses
513 3027 544 3088 et
572 3025 761 3107 prophetae,
783 3025 966 3103 sacerdotes,
998 3023 1127 3104 iudices,
1161 3028 1297 3109 apostoli
1309 3043 1340 3085 *ὁ

180 3132 295 3215 pariter
308 3135 382 3203 (ct)
396 3131 605 3214 euangelistae
619 3129 829 3211 praedicantes
847 3133 1025 3194 meruerunt
1044 3131 1190 3214 consequi
1204 3150 1298 3218 ange-

180 3239 272 3302 licam
303 3236 496 3320 dignitatem,
527 3235 559 3299 in
592 3252 651 3316 quo
684 3238 715 3299 et
746 3235 878 3299 ecclesia
909 3235 1061 3300 catholica
1092 3237 1211 3301 exultat
1237 3239 1297 3305 hcc

69 3422 72 3426 Α
180 3340 512 3426 praedicanslcottidie
544 3344 636 3424 atque
670 3341 810 3415 edocens,
844 3342 1032 3424 eandemque
1063 3342 1142 3407 hanc
1160 3363 1297 3425 omnem

181 3447 374 3531 impietatem
395 3467 546 3534 paganam
570 3450 601 3512 et
621 3446 818 3530 iniquitatem
841 3446 998 3512 Iudaicam
1022 3447 1183 3512 destruens
1207 3450 1297 3515 cotti·

139 3562 159 3626 6
183 3556 231 3621 die
255 3555 338 3620 omni
359 3555 477 3619 exultat
498 3553 529 3616 in
553 3552 675 3636 gaudio.
698 3553 778 3617 Nam
798 3556 833 3617 et
855 3552 882 3617 si
899 3553 1010 3636 triplex
1027 3553 1185 3619 funiculus
1204 3554 1297 3647 debet
1312 3575 1336 3614 ao

269 3762 367 3821 cneo.
385 3760 509 3816 rurus
570 3756 794 3817 cancerasse
812 3722 851 3813 rr
870 3760 902 3813 ra
964 3759 998 3816 1s
1015 3759 1111 3813 nater.
1129 3716 1294 3816 xxrrnre

222 3907 236 3962 1
260 3905 368 3959 uirtutis
385 3903 413 3956 B
481 3902 499 3956 2
522 3898 594 3955 indc-
605 3918 623 3954 a
643 3900 825 3970 <cognoscitur
842 3916 924 3968 usquc
942 3899 981 3953 od
992 3899 1077 3970 fissam
1095 3900 1194 3968 capitia
1211 3916 1253 3954 om
1269 3900 1295 3953 A

185 4010 244 4049 cum
258 3993 375 4057 noscitur
426 3994 520 4048 itanc
535 3989 600 4060 erat]
615 3989 751 4043 nuntiarat
767 3987 893 4044 Ocllcrus
944 3990 962 4043 8
975 3984 1067 4056 deesse
1078 3987 1166 4041 multa
1182 3991 1296 4056 apparet

184 4083 271 4137 ueluti
288 4079 358 4151 quod
376 4075 491 4134 'futurum
510 4081 568 4133 'erat
585 4082 676 4148 aperte
693 4080 808 4131 testatus
827 4080 868 4130 est
949 4075 1119 4144 dininamque
1137 4075 1293 4130 sententiam

185 4172 220 4226 23
238 4169 375 4224 affuturam
415 4166 462 4221 ,26
479 4167 577 4236 pariter
595 4167 623 4218 et
640 4163 800 4232 sichardus]
819 4163 920 4232 pariter
937 4162 963 4215 B
996 4162 1048 4217 ,28
1065 4162 1115 4218 hac
1130 4162 1159 4216 B
