2858 4620
385 1008 386 1012 .
456 907 842 1022 conspuente
879 910 1114 1027 OPERIS.

273 1201 304 1286 l)
325 1201 480 1266 Praefatio
503 1222 534 1282 p.
560 1203 588 1265 1.
612 1203 631 1264 2

270 1340 303 1425 2)
329 1341 406 1406 Pers
433 1342 462 1405 1:
491 1360 578 1425 capp.
606 1341 801 1407 I-XXVIII
828 1342 986 1408 continent
1013 1341 1173 1409 XXVIII
1204 1344 1353 1412 haereses

330 1449 400 1512 ento
425 1446 540 1512 Christi
561 1447 738 1529 passionem
763 1465 841 1530 quae
863 1447 991 1513 inerunt

226 1585 289 1656 Cap.
308 1586 322 1639 I
341 1584 427 1640 Odtce
786 1583 850 1656 Cap.
868 1585 958 1639 XVIII
980 1585 1086 1641 Moloch
1110 1590 1137 1642 et
1158 1587 1278 1641 Remfam
1305 1589 1352 1658 qui

244 1716 257 1741 „
308 1673 336 1728 11
356 1672 449 1728 Gaiam

244 1803 256 1828 „
307 1761 351 1815 III
368 1760 489 1815 Sethieni

244 1891 257 1915 „
307 1849 347 1902 IV
363 1848 509 1903 Dositheue

244 1979 257 2003 „
307 1934 480 1991 VSedducei

244 2067 256 2090 „
307 2023 346 2079 VI
362 2022 500 2077 Pharisaei

243 2151 255 2177 „
307 2111 359 2166 VH
378 2111 538 2165 Samaritani

241 2240 252 2264 „
304 2198 370 2252 VIII
387 2199 501 2260 Nazorei

240 2330 252 2354 „
303 2287 342 2340 IX
359 2287 455 2341 Esseni

240 2415 253 2440 „
303 2375 509 2445 XHeliognosti
523 2375 580 2428 siue
589 2374 769 2430 Deiauictiaci
798 2416 810 2441 ,‚

240 2506 252 2531 ,,
303 2463 342 2517 XI
360 2463 448 2518 Renes
467 2463 512 2533 qni
531 2463 622 2517 colunt

240 2591 252 2614 ‚,
302 2549 355 2604 XII
371 2549 509 2603 MusIritae

239 2679 251 2702 „
302 2635 369 2690 XIII
386 2638 504 2693 Muscam
525 2637 644 2692 Accarou
667 2637 712 2707 qui
736 2655 778 2692 co·

303 2725 362 2778 lunt

237 2855 250 2880 „
301 2811 366 2868 XIV
382 2811 561 2882 Troglodytae
580 2812 677 2880 (XXII)

201 2886 250 2970 ⁸„
301 2900 349 2954 XV
380 2900 508 2970 RegInam
545 2900 601 2954 siue
633 2900 811 2968 Fortunam„

303 2988 377 3044 Caeli
395 2989 440 3058 qui
459 2988 550 3042 colunt

238 3118 251 3143 „
302 3076 365 3130 XVI
390 3076 476 3130 Bahal
508 3075 608 3131 idolum
640 3076 782 3131 adorantes

303 3163 406 3230 (XXIV.
424 3164 507 3232 XXV)

237 3293 249 3318 „
300 3250 377 3304 XVII
403 3251 503 3327 Aether
534 3257 561 3306 et
588 3251 700 3307 Cemoth
733 3253 778 3322 qni

300 3338 496 3393 uenerabantur
515 3339 635 3407 (XXVII)

868 1674 1062 1728 uenerebantur

805 1801 817 1826 „
867 1760 931 1815 XIX
943 1761 1039 1816 Iaieth
1049 1778 1121 1817 eram
1132 1763 1177 1832 qui
1187 1764 1352 1820 collocantes

868 1848 1044 1904 immolabant
1061 1850 1206 1905 daemoniis

806 1976 818 2000 „
868 1936 917 1990 XX
934 1937 1105 1992 Puteoritae

805 2066 817 2091 „
867 2023 929 2078 XXI
952 2025 1076 2095 serpenti
1100 2042 1177 2080 aereo
1200 2026 1246 2095 qui
1267 2028 1352 2082 sacri-

868 2111 986 2166 ficabant
1010 2131 1012 2134 ·

804 2240 816 2265 „
866 2198 943 2252 XXII
967 2198 1000 2253 In
1025 2200 1151 2270 spelunca
1177 2201 1352 2272 sculptilibus

868 2285 1045 2340 sacrificantes
1065 2286 1147 2356 (XIV)

861 2373 951 2427 XXIII
965 2373 1081 2428 Thamna
1101 2374 1270 2431 simulacrum
1291 2393 1351 2431 mu·

866 2463 944 2516 lieres
963 2460 1104 2516 adorantes

800 2592 812 2617 „
863 2549 950 2607 XXIV
974 2549 1159 2618 Bahaliterum
1185 2551 1258 2606 idola
1286 2569 1350 2622 per-

864 2639 980 2692 colentes
1000 2638 1084 2706 (XVI)

800 2769 812 2794 ,,
863 2725 936 2780 XXV
944 2727 1030 2780 Bahal
1039 2726 1350 2792 idolumaBalaamno-

863 2831 923 2868 men
931 2814 1065 2884 accepisse
1073 2817 1118 2885 qui
1126 2814 1252 2870 adserunt
1259 2818 1347 2886 (XVI)

862 2900 949 2956 XXVI
973 2901 1160 2972 Pythonissam
1192 2902 1348 2959 Samuhelis

863 2991 977 3049 enimam
995 2990 1028 3044 ab
1047 2990 1139 3045 inferis
1153 2991 1284 3047 excitasse
1300 2994 1349 3063 qui

866 3078 942 3132 aiunt

797 3206 810 3231 „
860 3165 961 3220 XXVII
973 3165 1073 3222 Ast-Inar
1091 3169 1120 3221 et
1132 3167 1349 3225 Astharothto·

861 3254 947 3307 lentes
967 3254 1064 3321 (XVII)

797 3383 809 3408 „
859 3341 975 3424 XXVIII
992 3342 1139 3398 Herodiani

260 3517 336 3580 Pars
358 3517 403 3582 II:
427 3535 514 3600 capp.
537 3517 782 3583 XXIX—CLVI
805 3519 964 3585 continent
985 3518 1009 3586 G
1033 3523 1065 3586 ct
1086 3520 1248 3588 XXVIII
1270 3524 1347 3590 hae-

215 3640 301 3687 reses
332 3624 417 3706 post
436 3621 551 3687 Christi
581 3623 758 3706 passionem
790 3643 868 3708 quae
901 3625 1036 3691 fucmnt.
1068 3626 1114 3692 Ila
1139 3646 1211 3710 pers
1239 3628 1346 3714 biper-⁴

233 3728 257 3791 it
349 3776 357 3790 .

215 3730 231 3793 t
258 3731 482 3919 {segontinent
508 3851 596 3917 capp.
623 3833 725 3918 priora
750 3834 863 3902 nxlv
889 3834 922 3900 id
950 3840 998 3903 est
1019 3836 1262 3904 XXIX-—XCII¹
1280 3840 1346 3907 siu·

321 3938 411 4022 gulas
448 3937 592 4022 deinceps
633 3943 764 4006 sectes
805 3942 871 4006 uel
912 3947 1110 4010 sectarum
1149 3947 1345 4016 auctores

321 4043 435 4108 additis
458 4043 554 4109 uariis
578 4064 683 4110 earum
706 4047 870 4112 sententiis
894 4051 926 4114 et
948 4049 1105 4117 doctrinis.
