2858 4620
159 1015 206 1078 De
229 1014 377 1078 hereseon
402 1014 525 1079 diuersa
548 1015 736 1095 pestilentia,
759 1014 918 1096 uariisque
940 1015 1094 1080 erroribus
1118 1015 1172 1098 qni
1194 1016 1232 1080 ab

116 1120 233 1204 origine
256 1120 363 1184 mundi
386 1119 567 1184 emerserint
588 1123 621 1184 et
642 1119 699 1184 sub
723 1119 846 1184 Iudaeis
870 1118 1051 1185 defluxerint
1068 1124 1100 1186 et
1117 1141 1153 1186 ex
1172 1141 1232 1204 quo

115 1226 203 1291 uenit
234 1226 377 1292 dominus
409 1228 514 1290 noster
540 1225 629 1290 Iesus
662 1225 799 1290 saluator
827 1225 858 1289 in
888 1244 978 1290 carne
1000 1227 1233 1307 pullulauerint,

115 1333 218 1398 dicere
246 1334 368 1415 oportet
394 1350 619 1413 numerumque
647 1351 751 1406 earum
779 1331 929 1413 paulatim
959 1351 1106 1416 exponere
1132 1333 1235 1398 inimi·

86 1457 248 1520 ecumque
280 1438 408 1502 humani
439 1437 559 1522 generis
593 1433 774 1524 [diabolum]
805 1436 922 1519 perdici
952 1437 1050 1502 fuisse
1082 1457 1100 1502 a
1128 1442 1234 1504 sancto

112 1544 268 1626 propheta
294 1564 354 1609 non
380 1544 524 1609 inmerito
552 1544 763 1627 comparatum
787 1561 967 1627 agnoscere:
991 1543 1045 1625 qui
1068 1562 1139 1608 cum
1159 1544 1234 1608 inte·
1258 1547 1277 1609 2

113 1648 308 1714 cunditatem
344 1650 481 1732 patiatur
515 1649 639 1731 saepius
673 1644 811 1734 [perdix],
838 1683 868 1715 ee
904 1647 1096 1730 aliorumque
1127 1649 1235 1714 furtim

112 1757 201 1820 fetus
229 1755 379 1820 incubans
407 1754 497 1837 quasi
524 1773 598 1818 suos
620 1753 682 1818 iam
705 1754 793 1818 fouet
815 1772 850 1818 ac
872 1752 1012 1818 uindicat
1032 1754 1113 1818 tilios
1135 1774 1236 1837 nsque

114 1861 154 1926 ad
186 1864 312 1944 tempus
344 1860 482 1942 aliquod,
516 1879 650 1942 cumque
678 1859 723 1924 eis
749 1859 812 1924 iarn
839 1863 963 1941 tompus
991 1861 1102 1925 aetatis
1125 1861 1237 1926 discer-

62 1985 91 2022 ιο
113 1984 193 2030 nens
218 1964 399 2043 adcreuerit,
422 1969 496 2029 tunc
515 1964 639 2029 amissis
661 1964 751 2029 falsis
773 1963 963 2047 parentibus,
985 1965 1054 2029 iura
1075 1968 1265 2049 parentum‘

114 2090 212 2136 sensu
244 2070 367 2154 proprio
398 2070 606 2148 recordantes,
636 2071 801 2152 palamque
829 2070 929 2134 oculis
955 2070 1122 2153 intuentes,
1150 2074 1239 2155 sequi

115 2196 172 2242 eos
196 2176 330 2258 amplius
353 2195 413 2240 non
437 2175 645 2255 demorantur.
675 2173 814 2254 Quorum
838 2194 932 2240 causa
953 2177 1042 2243 nobis
1066 2178 1237 2243 similitudo

114 2283 195 2347 haec
218 2281 360 2346 nuntiata
382 2284 451 2346 est?
475 2279 564 2360 Quod
588 2280 711 2346 diabolo
734 2281 843 2347 relicto
866 2282 1038 2365 impietatis
1061 2303 1155 2350 causa
1172 2283 1239 2349 eius
1263 2287 1283 2349 3

117 2387 183 2470 qui,
207 2388 312 2452 orbem
334 2390 485 2452 terramm
507 2387 557 2451 sui
581 2387 639 2451 sub
663 2387 783 2451 dicione
806 2406 842 2452 ac
864 2390 1020 2469 potestate
1043 2371 1114 2454 cum
1136 2393 1240 2454 tenere

61 2495 253 2576 reputaret,
282 2529 327 2561 *a*
356 2494 503 2576 postque'
520 2511 595 2557 uero
619 2492 743 2558 Christo
775 2495 900 2576 parente
933 2512 951 2557 a
981 2494 1070 2559 nobis
1101 2495 1170 2559 uiso
1210 2497 1241 2559 et

115 2598 289 2682 recognito,
322 2598 437 2663 amissa
465 2598 603 2663 falsitate
633 2598 771 2681 parentis
801 2598 1044 2678 mendacissimi,
1075 2601 1137 2664 iam
1174 2600 1241 2664 ueri

116 2703 256 2788 parentis
276 2703 393 2769 Christi
414 2701 665 2791 uestigialsequi
684 2704 783 2769 omnis
801 2705 894 2770 homo
912 2725 973 2770 nou
990 2710 1130 2771 moratur
1151 2725 1243 2790 agno·

118 2828 221 2874 scens.
254 2808 387 2874 Cottidie
412 2829 468 2893 per
494 2810 636 2894 aenigma
658 2809 740 2873 enim
764 2810 912 2892 compleri
934 2812 1152 2894 cognoscimus
1174 2831 1243 2894 pro·

117 2914 259 2997 photium
281 2915 456 2980 Hieremiae
477 2915 653 2980 beatissimi
674 2916 720 2980 ita
742 2915 910 2980 dicentem:
940 2916 1138 2982 Clamauit
1162 2936 1242 3000 per·

57 3035 93 3076 ὀ
120 3020 204 3098 dix,
241 3021 416 3105 collegit
457 3040 553 3103 quae
593 3040 666 3086 non
710 3021 920 3105 parturiit,
965 3023 1120 3088 faciens
1166 3022 1243 3087 sibi

121 3125 295 3191 diuitias
318 3146 390 3191 non
414 3146 498 3192 cum
522 3127 735 3210 sapientia,
757 3127 796 3191 in
819 3127 949 3192 medio
968 3127 1121 3193 dierum
1140 3128 1243 3191 dere-

120 3231 313 3314 linquent
335 3250 429 3310 eum,
454 3236 492 3297 et
513 3233 552 3296 in
583 3236 786 3314 postremo
819 3232 898 3298 erit
927 3233 1138 3315 insipiens,
1162 3231 1288 3315 quod4

122 3356 203 3402 nunc
229 3337 407 3403 deserentes
435 3337 562 3404 cottidie
590 3357 697 3403 omnes
725 3341 833 3423 gentes
855 3339 1032 3403 idolatriam
1054 3338 1244 3404 mortiferam

209 3576 330 3634 dieram
356 3576 432 3630 XVII
452 3578 482 3631 11

159 3730 174 3784 1
191 3727 224 3779 in
240 3726 267 3779 B
285 3725 333 3795 qui
354 3741 414 3779 cam
436 3726 475 3781 cd.
493 3743 538 3795 pr.
557 3743 628 3796 capp
650 3731 742 3783 1-28
758 3728 883 3784 amauit
904 3729 979 3782 soluo
995 3728 1077 3782 nulla
1095 3727 1247 3797 peculiaria

125 3813 188 3869 libri
205 3813 286 3868 tutuo
299 3815 481 3882 praesumptio
499 3821 575 3870 octat
644 3816 807 3871 haeresaeon
857 3814 1025 3874 5diabolum
1038 3832 1082 3870 om
1094 3815 1247 3870 Sielrcrduo

125 3907 141 3960 l
157 3901 250 3973 perdix
267 3919 310 3956 om
327 3900 498 3957 sichardo,
548 3905 649 3958 excidit
665 3904 766 3959 ueluti:
784 3905 896 3959 alionum
912 3904 990 3958 nidos
1004 3921 1133 3974 quaerens
1186 3904 1247 3959 13?

120 3990 215 4056 ponuat
234 3988 361 4044 Oelclcme
448 3993 484 4047 14
502 4008 533 4046 cc
550 3994 685 4062 potestate
704 4010 747 4047 om
765 3992 918 4047 sichardus
988 4009 1047 4046 cum
1064 3993 1167 4060 tenere]
1185 4006 1247 4043 con·

126 4076 210 4131 tinere
234 4077 361 4131 Ochleruo
414 4079 446 4136 lt
464 4079 565 4134 excidit
584 4080 673 4134 acoluti
695 4080 840 4134 mendaciis
863 4080 918 4134 suis
941 4080 1044 4134 animas
1066 4078 1248 4148 ignorantium

128 4165 236 4220 cottidie
254 4167 412 4236 captiuaret,
466 4169 499 4223 18
518 4169 617 4223 cotidie
669 4172 704 4226 23
721 4168 819 4224 cotidie

153 4290 274 4333 mum.
287 4291 383 4332 enirm.
500 4261 502 4264 ⁴
1198 4274 1211 4327 1
