2858 4620
219 313 261 375 36
404 306 582 363 rnnsrmr
598 276 832 361 nunusnuun
848 305 1039 362 nnasssou
1055 306 1164 361 umus

748 500 821 564 XLl

132 653 217 709 LXIX
265 644 329 709 Alii
357 646 431 709 sunt
459 642 512 725 qni
541 641 622 706 ciroa
648 641 927 723 incorporationem
950 641 1102 720 aberrant,
1127 641 1265 708 dieentes
1287 663 1351 709 non

221 753 356 817 animam
388 768 495 814 ueram
531 748 666 813 hominis
702 747 917 812 rationabilem
955 747 1112 830 accepisse
1149 749 1350 829 saluatorem,

222 857 277 924 sed
300 875 411 938 corpus
436 855 537 918 solum
561 853 706 931 hominis,
730 856 856 918 etcum
879 853 1063 918 subtrahant
1086 853 1220 919 animam
1243 873 1262 919 a
1284 873 1352 920 cor·

180 969 200 1030 2
222 983 307 1047 pore,
330 981 437 1027 ueram
461 961 613 1044 denegant
633 960 769 1025 hominis
794 960 1018 1025 salubritatem.
1027 956 1037 1043 ll
1047 959 1210 1039 Quomodo
1241 961 1352 1044 itaque
1381 984 1395 1024 a

222 1073 330 1154 potest
360 1067 422 1132 dici
454 1067 563 1145 anima,
597 1085 675 1149 quae
709 1085 769 1131 non
798 1067 924 1148 sumpta
951 1069 1001 1130 est
1027 1086 1045 1130 a
1073 1067 1250 1133 saluatore?
1277 1087 1353 1133 cum

225 1177 366 1242 saluatur,
385 1173 483 1238 dicat:
506 1172 657 1237 Tristis
681 1175 742 1236 est
765 1172 893 1236 anima
921 1192 1005 1237 mea
1031 1193 1157 1255 usqne
1185 1173 1231 1238 ad
1257 1194 1353 1241 mor-

181 1284 201 1346 3
224 1285 311 1347 tem.
344 1279 491 1362 Alioquin
519 1280 621 1343 anima
648 1277 710 1342 dici
731 1298 792 1343 non
816 1279 931 1361 potuit,
954 1279 1015 1344 nisi
1039 1283 1122 1345 esset
1143 1280 1176 1344 in
1200 1298 1235 1346 oo
1259 1280 1354 1346 cuius

225 1392 258 1453 ot
279 1424 324 1456 aa,
347 1404 440 1451 causa
467 1384 642 1449 aduenerat.
673 1384 783 1467 Itaque
810 1385 887 1450 haec
913 1387 1045 1468 utraque
1073 1386 1155 1463 (in)
1177 1386 1356 1470 incorpora-

224 1494 309 1559 tione
333 1491 509 1569 saluatoris,
531 1490 565 1554 id
587 1487 649 1574 estl
663 1508 776 1573 corpus
800 1493 866 1555 orat
888 1495 920 1556 ot
942 1491 1055 1570 anima,
1075 1512 1153 1574 quae
1171 1512 1226 1575 pro
1245 1495 1356 1558 nostra
1372 1517 1400 1559 ro

184 1602 205 1664 4
228 1601 329 1666 salute
356 1599 502 1682 dignatus
531 1599 580 1661 est
607 1615 738 1662 sumere.
772 1595 856 1661 Scire
880 1616 936 1662 nos
960 1598 1105 1663 conuenit
1128 1598 1211 1680 quod
1233 1602 1266 1664 et
1288 1599 1357 1664 aui·

227 1726 311 1770 mam
332 1723 439 1770 ueram
463 1703 598 1768 hominis
620 1703 741 1779 habuit,
764 1703 960 1769 intellectum
982 1704 1160 1783 habentem,
1185 1709 1217 1770 et
1238 1724 1356 1790 corpus

228 1811 372 1887 hominis,
405 1829 531 1875 sensum
564 1808 717 1874 carnalem
748 1808 869 1886 itidem,
901 1812 938 1874 ut
969 1813 1001 1874 et
1027 1810 1131 1875 dolere
1158 1811 1260 1894 possit
1287 1831 1357 1877 cor-

186 1920 205 1983 5
228 1936 301 2001 poro
324 1919 356 1983 et
378 1915 482 1981 emori.
505 1915 620 1979 Tamen
645 1914 682 1979 de
701 1918 808 1980 sancto
828 1915 942 1998 spiritu
959 1915 1042 1981 facta
1058 1917 1135 1982 haec
1154 1919 1359 2002 cognoscitur

230 2042 299 2089 caro
324 2024 356 2086 et
379 2023 481 2086 creata
503 2021 605 2085 anima
627 2019 758 2098 seilicet,
782 2019 867 2085 sicut
888 2021 1040 2105 scriptum
1059 2022 1155 2087 estin
1175 2023 1355 2107 euangelio:
1374 2047 1402 2088 a

231 2128 412 2211 Spiritus
458 2119 622 2191 sanctus
664 2127 930 2209 superueniet
968 2128 1006 2192 in
1045 2131 1098 2207 te,
1139 2131 1178 2193 et
1216 2128 1355 2196 uirtus

231 2234 429 2300 altissimi
475 2233 729 2298 obumbrabit
771 2235 826 2298 te:
874 2235 905 2298 et
950 2234 1033 2316 quod
1072 2235 1205 2299 animam
1245 2254 1357 2301 ueram

189 2339 342 2407 bhahuit
364 2374 409 2407 *aa
432 2337 551 2402 dicens:
580 2336 757 2401 Animam
783 2356 905 2402 meam
933 2357 999 2422 pro
1028 2339 1144 2404 uobis
1172 2359 1289 2421 pono:
1325 2346 1359 2407 et

233 2445 269 2508 de
302 2464 391 2509 carne
422 2443 565 2526 possibili
597 2442 636 2507 ad
666 2443 819 2508 Thoman:
855 2479 900 2513 aa*
932 2443 1035 2526 quod
1070 2445 1244 2527 spiritus
1279 2465 1358 2511 non

232 2552 353 2617 hahet
375 2569 467 2615 ossa
490 2552 530 2614 et
551 2568 716 2629 carnem,
741 2549 850 2614 sicut
867 2569 924 2614 me
943 2549 1110 2614 uidetis.
1131 2551 1173 2616 llt
1192 2552 1359 2634 apostolus
1375 2576 1406 2619 so

232 2659 345 2723 Petrus
359 2658 470 2721 boatus
490 2656 526 2721 de
546 2657 702 2721 saluatore
719 2659 855 2721 testatus
871 2661 929 2735 est,
945 2657 1065 2722 diceus:
1086 2656 1208 2722 Ouios
1228 2658 1360 2724 anima

233 2783 308 2829 non
331 2762 531 2827 derelicta
553 2766 615 2827 est
636 2762 674 2825 iu
696 2761 906 2840 infernum,
930 2782 998 2828 neo
1023 2782 1111 2827 caro
1135 2763 1220 2829 eius
1247 2763 1361 2829 uidit

193 2869 544 2952 lcorruptionem.
580 2869 624 2932 Er
656 2885 716 2950 quo
749 2872 853 2933 autom
885 2869 1063 2932 incarnatus
1100 2870 1158 2947 ost,
1195 2870 1227 2933 et
1261 2869 1367 2935 homo·

235 2977 358 3040 nostrae
394 2992 489 3039 causa
524 2973 635 3044 salutis
672 2974 704 3037 ot
735 2973 812 3038 deus
844 2993 937 3039 uerus
969 2974 1114 3053 creditur,
1147 2974 1361 3059 cognoscitur,

236 3081 351 3148 colitur
372 3084 404 3145 et
425 3081 456 3144 in
480 3080 612 3145 ecclesia
634 3079 787 3145 catholica
812 3079 1018 3161 praedicatur.
1118 3083 1121 3088 “
1379 3106 1410 3150 ,a

325 3322 456 3380 thatun.
474 3321 561 3375 XXVI
578 3321 612 3375 38
667 3325 699 3378 16
718 3320 780 3375 Luc.
799 3321 811 3373 l
831 3322 864 3376 35
918 3321 1025 3378 181011.
1044 3321 1068 3375 X
1088 3323 1118 3375 11
1175 3321 1292 3378 ladon.
1313 3322 1366 3378 XX

239 3411 289 3468 27>
303 3411 367 3465 Luc.
385 3410 472 3464 XXIV
489 3411 523 3464 39
575 3412 608 3466 21
627 3409 716 3464 Actor.
735 3409 826 3464 1127:
845 3409 914 3477 cons
928 3410 1055 3480 septuag.
1074 3410 1173 3464 Psalm.
1191 3409 1240 3463 XV
1260 3409 1292 3465 10

274 3573 292 3626 2
309 3570 534 3640 incorruptionem
552 3573 579 3623 A
643 3572 664 3626 4
681 3570 843 3625 subtrahunt
859 3570 887 3622 B
944 3570 1115 3626 bhomiuum
1131 3568 1160 3622 B
1214 3573 1305 3625 linun
1324 3571 1365 3626 A¹

276 3661 365 3712 sumta
378 3658 405 3711 A
476 3675 492 3714 a
509 3657 668 3711 saluatorem
680 3657 709 3712 A
759 3660 777 3713 8
795 3659 869 3711 cuius
883 3660 912 3711 et
924 3675 967 3712 om
979 3657 1030 3712 13¹:
1044 3657 1201 3711 eamdem
1213 3657 1365 3726 loncestre:

242 3747 331 3801 anima
353 3749 381 3800 et
403 3763 497 3816 corpus
518 3763 625 3816 passum
647 3749 689 3800 est
707 3763 753 3815 pro
771 3750 865 3800 nostra
882 3747 967 3800 salute
986 3747 1061 3800 cuius
1148 3745 1243 3809 o<in>
1264 3746 1369 3802 addidi

277 3836 305 3889 iu
325 3835 544 3904 corporationeA
564 3835 593 3888 in
610 3835 804 3904 comparatione
817 3835 846 3889 B
898 3838 933 3892 10
951 3838 1008 3889 erat
1021 3851 1064 3890 om
1077 3833 1116 3888 B¹
1170 3837 1203 3892 18
1219 3837 1251 3889 ut
1265 3837 1366 3910 one-13¹

245 3926 278 3980 17
297 3922 466 3977 obumbrauit
479 3925 506 3978 A
576 3926 604 3978 te
621 3923 653 3976 e'a
669 3940 718 3977 ros
731 3924 769 3977 A:
787 3939 808 3978 a.
827 3924 872 3977 ai
925 3925 957 3981 18
974 3923 1130 3978 ceciderunt
1147 3922 1297 3992 hoecfere:
1317 3923 1366 3977 ‹lo-

244 4010 331 4065 minus
349 4012 406 4081 ipse
425 4011 571 4066 declarauit
625 4013 656 4068 le
674 4012 707 4066 ad
725 4012 835 4066 thomam
852 4012 879 4064 B
897 4012 936 4065 ait
952 4013 1050 4065 homan
1069 4013 1106 4066 A:
1125 4012 1281 4066 cauom
1297 4010 1368 4066 hoa

149 4157 152 4163 ,
242 4097 312 4168 fere:
330 4098 404 4153 Iuler
421 4098 536 4169 digitum
554 4102 630 4152 tuum
649 4116 670 4153 e.
689 4115 712 4167 q.
730 4116 752 4154 a.
771 4100 848 4167 apud
864 4101 925 4155 Ioh.
939 4101 999 4154 XX
1013 4104 1053 4154 27
1069 4101 1106 4155 Et
1122 4100 1231 4154 iteruin:
1249 4097 1367 4170 Palpato

247 4192 275 4243 et
291 4188 382 4242 uidete
434 4189 467 4242 21
486 4188 565 4241 huius
582 4188 610 4240 B
661 4188 872 4244 minorennium
889 4188 916 4242 A
