2858 4620
235 316 277 379 24
412 309 592 365 FILASTRII
609 309 840 364 DIVERSARVM
858 310 1050 365 HERESEON
1068 307 1176 370 LIBER

187 504 206 566 3
231 503 363 594 ineque
387 508 493 572 arhor
514 509 611 571 mala
634 525 726 588 quas
750 506 864 571 saciat
886 506 1018 571 bonum
1042 506 1214 573 fructum.
1247 506 1360 592 Deque

228 614 288 678 hoc
306 613 461 697 accipiens
479 613 764 694 interpretationem
783 632 803 676 a
819 612 934 677 sanctis
952 612 1132 696 presbiteris
1151 632 1211 678 non
1231 614 1360 697 adquio-
1378 611 1380 614 ’

229 719 337 784 scebat
371 719 506 797 ueritati,
543 719 598 783 sed
634 718 734 803 magis
772 716 920 784 Cerdonis
957 719 1007 783 sui
1043 719 1178 784 doctoris
1213 720 1361 788 firmabat

228 825 425 889 mendacium
457 829 490 890 ot
520 825 580 889 isto
612 825 758 890 similiter
788 844 886 891 unum
919 826 1012 890 doum
1042 825 1159 890 bonurn
1191 828 1223 890 et
1257 847 1359 892 unum

186 933 346 997 lmalum
379 931 577 1007 adnuntians,
610 930 771 998 Christum
803 934 907 997 autam
934 933 1076 1015 putatiue
1104 932 1296 1014 apparuisse,
1323 934 1360 999 id
1390 952 1402 992 r

231 1041 280 1101 cst
302 1037 392 1119 quasi
414 1057 469 1120 per
492 1037 643 1116 umbram,
667 1040 700 1102 et
721 1057 849 1121 passum
874 1057 945 1102 eum
968 1038 1067 1102 fuisse
1085 1038 1276 1116 umbraliter,
1295 1057 1360 1104 non

188 1141 334 1209 ttamen
356 1143 389 1207 in
411 1162 486 1208 uera
509 1162 597 1207 carne
620 1143 776 1208 credebat.
806 1143 883 1209 Cata
903 1144 1008 1208 Lucan
1033 1148 1138 1208 autem
1157 1145 1360 1229 euangelium

232 1249 334 1314 solum
366 1249 489 1332 accipit,
522 1269 583 1314 non
611 1249 671 1313 alia
698 1249 871 1333 euangelia,
899 1267 955 1314 nec
983 1249 1132 1333 epistolas
1158 1250 1242 1315 beati
1265 1249 1360 1314 Pauli

188 1351 207 1414 6
231 1354 375 1438 apostoli,
398 1355 460 1419 nisi
482 1355 520 1418 ad
543 1355 742 1420 Timotheum
766 1359 798 1420 ct
819 1355 939 1432 ritum»,
963 1374 1042 1437 quac
1065 1356 1147 1419 enim
1170 1356 1207 1420 de
1231 1355 1359 1422 Christo

231 1461 340 1525 dicunt
360 1465 397 1524 at
419 1460 457 1524 dc
480 1460 536 1525 deo
560 1479 646 1540 uero,
668 1462 826 1544 praeterit,
846 1479 924 1543 quac
943 1465 1047 1526 autom
1067 1462 1156 1544 quasi
1175 1462 1212 1526 de
1230 1461 1359 1528 homine
1378 1483 1404 1524 ιο

230 1567 338 1631 dicunt
373 1567 555 1650 scripturae,
593 1586 628 1630 ea
664 1567 778 1649 accipit
815 1567 961 1649 capitula,
998 1570 1030 1630 ct
1065 1585 1163 1648 neque
1196 1565 1360 1633 Christum

189 1671 206 1733 7
230 1673 364 1737 iudicem
388 1692 457 1737 esse
480 1674 620 1738 omnium
644 1673 819 1737 confitetur.
853 1670 913 1751 Qui
940 1673 1085 1737 deuictus
1113 1675 1205 1755 atquc
1227 1671 1361 1757 fugatus

231 1798 249 1842 a
270 1779 362 1843 beato
384 1778 521 1843 Iohanne
544 1779 738 1864 euangehsta
760 1783 792 1843 et
814 1797 833 1842 a
853 1778 1034 1861 presbiteris
1057 1779 1094 1842 de
1122 1777 1248 1843 ciuitate
1271 1779 1363 1846 Eiesi

231 1885 346 1948 Romae
370 1885 447 1948 hanc
471 1885 606 1949 heresim
630 1885 811 1950 seminabat.

744 2059 851 2125 nrm
1381 2098 1407 2140 „

129 2205 214 2261 XLVI
273 2199 417 2264 Lucanus
451 2199 577 2282 quidam
608 2201 680 2282 post
711 2201 809 2264 istum
836 2199 952 2264 similia
977 2199 1128 2265 Marcioni
1156 2202 1297 2265 statuens
1321 2220 1361 2268 ac

232 2306 408 2384 decernens,
445 2310 482 2370 ut
516 2306 570 2370 illa
607 2306 716 2370 doctor
749 2304 850 2389 ipsius
881 2306 1029 2385 Marcion,
1067 2309 1116 2371 cst
1144 2307 1176 2371 in
1209 2307 1359 2372 omnibus

232 2413 410 2477 ementitus.

758 2571 832 2635 XlX

111 2726 216 2791 ,ΧΙΝΙΙ
275 2712 350 2776 Fuit
367 2711 491 2794 Apelles
511 2711 682 2794 discipulus
702 2713 780 2790 eius,
800 2711 916 2776 similia
937 2711 969 2775 in
992 2711 1178 2793 quibusdam
1190 2710 1193 2795 t
1205 2712 1360 2778 Marcioni
1378 2737 1405 2777 so

231 2817 422 2902 praedicans,
450 2819 503 2900 qni
529 2819 738 2902 interrogatus
766 2837 788 2883 a*
811 2818 997 2901 quibusdam
1025 2836 1085 2899 quo
1113 2818 1205 2883 modo
1233 2818 1271 2881 dc
1294 2819 1360 2886 hdo

233 2925 370 3001 sentiret,
397 2921 668 3008 responsionum
691 2924 769 2988 mihi
792 2942 870 3006 opus
894 2925 943 2988 est
965 2922 1066 2987 dicere
1090 2942 1109 2988 a
1128 2923 1295 3001 Marcione,
1319 2928 1360 2990 ut

191 3033 210 3095 2
233 3032 294 3098 duo
317 3033 469 3115 principia
491 3032 631 3096 adseram
655 3034 831 3096 coaeterna:
856 3050 912 3115 ego
937 3030 1018 3094 enim
1045 3049 1142 3094 unum
1167 3030 1360 3112 principium

129 3158 132 3162 ·
233 3157 302 3203 csse
324 3138 479 3220 praedico,
504 3158 596 3221 quem
619 3138 712 3203 deum
739 3155 903 3223 cognosco,
931 3135 985 3218 qui
1011 3136 1088 3200 deus
1115 3136 1190 3200 iecit
1216 3137 1358 3219 angelos,

232 3245 307 3309 fecit
330 3245 422 3309 etiam
446 3246 573 3309 alteram
596 3244 756 3323 uirtutem,
777 3263 869 3327 quem
888 3242 980 3307 deum
999 3243 1064 3307 scio
1084 3261 1152 3308 esse
1171 3242 1358 3323 secundum,
1377 3270 1404 3310 aa

191 3351 210 3413 3
234 3353 288 3433 qui
311 3354 342 3416 et
364 3351 466 3416 uirtus
490 3350 539 3415 dei
563 3353 620 3428 est,
649 3368 727 3432 quae
754 3350 829 3414 fecit
855 3349 1016 3413 mundum.
1048 3349 1107 3414 Hic
1136 3352 1240 3414 autem
1266 3348 1356 3430 daus,

268 3574 496 3645 2presbyterisB
543 3573 696 3630 3ueritatis
711 3574 737 3626 A
785 3572 982 3630 tannnncians
996 3570 1023 3625 Β
1068 3571 1181 3628 8Pauli
1200 3572 1315 3642 apostoli
1328 3574 1358 3629 A

234 3663 385 3735 Sichardaa
402 3663 517 3734 apostoli
533 3663 612 3717 Pauli
629 3662 657 3715 Β
726 3665 761 3719 10
778 3665 810 3716 ut
827 3661 978 3716 Sichardas
997 3663 1024 3714 ct
1040 3659 1069 3713 Β
1085 3676 1129 3714 om
1145 3659 1173 3714 A
1243 3662 1277 3716 13
1294 3677 1356 3730 prc-

234 3746 346 3823 sbytcris
364 3753 391 3806 Β
461 3752 553 3821 ephesi
570 3751 597 3804 R
614 3750 665 3805 fosi
682 3749 721 3805 Αι
733 3751 897 3820 praeposito
916 3766 930 3802 e
947 3751 1001 3803 m2
1088 3751 1125 3806 14
1142 3748 1285 3803 seminarit
1302 3749 1355 3804 21¹:

233 3841 318 3896 uerbo
332 3840 384 3906 Qui
401 3839 521 3893 deuictus
539 3854 607 3909 seqq.
628 3838 666 3892 od
681 3837 830 3893 Nicolaum
848 3843 898 3892 out
918 3836 1074 3891 Corinaeum
1092 3842 1142 3890 out
1159 3835 1293 3890 Ebioaem
1309 3838 1356 3892 scs·-

235 3929 333 3984 motor
348 3929 497 3998 pertinere:
521 3926 682 3981 domitam
705 3927 787 3980 etiam
810 3926 844 3980 de
866 3925 955 3980 Pauli
978 3924 1101 3994 ephialta
1122 3939 1209 3994 supro
1231 3940 1357 3980 narraras

235 4021 268 4075 le
284 4019 346 4088 post
362 4017 443 4070 istum
462 4014 569 4086 quidam
587 4014 614 4069 Β
701 4017 818 4069 statuuat
837 4015 862 4066 A
949 4015 982 4070 17
1000 4013 1066 4067 utile
1084 4013 1111 4066 A
1197 4013 1296 4067 morcio
1315 4012 1354 4066 B¹

233 4109 270 4163 20
287 4105 405 4176 appelles
418 4104 444 4157 Β
500 4105 533 4159 21
547 4119 662 4173 quonam
675 4103 753 4158 modo
767 4104 794 4157 B
842 4105 876 4160 22
895 4102 995 4158 discere
1011 4100 1173 4156 cocceius:
1190 4101 1258 4169 conf
1274 4102 1355 4165 55,4

233 4197 268 4251 23
285 4196 425 4249 cooeterna
441 4194 468 4247 B
