2858 4620
130 115 222 178 XXII
492 120 494 122 ’
549 112 838 182 Prolegomena.

60 315 67 332 ·
132 307 351 389 quaterniones
384 309 532 390 quattuor
557 308 658 372 H-L
685 308 740 372 fol.
765 309 940 373 55-86u:
976 311 1074 373 restat
1101 311 1262 392 quaternio

131 433 214 478 unus
243 433 373 478 mancus
402 417 524 495 septem
551 415 699 479 foliorum
728 416 867 479 87-93.
904 415 971 481 Fol.
998 417 1137 480 1-69u
1165 416 1264 500 igitur

133 521 294 585 continent
320 520 513 597 Filastrium
541 522 595 586 fol.
622 522 749 585 70-77
775 522 889 603 quibus
922 541 1023 586 nouus
1052 522 1147 586 codex
1170 522 1264 587 hodie

131 627 242 709 incipit
268 626 453 691 Tertulliani
481 627 535 709 qui
561 628 640 692 falso
670 627 784 692 dicitur
808 629 923 692 librum
952 629 989 692 ds
1012 629 1091 692 cibis
1113 628 1262 705 Iudaicis,

131 733 187 797 fol.
208 735 225 797 7
231 734 337 797 7-89
358 733 524 814 epistolam
543 733 713 812 Barnabae,
736 735 789 799 fol.
811 736 940 800 89—93
961 734 1126 817 epistolam
1144 734 1262 800 Iacobi.

131 838 199 904 Eol.
230 840 271 902 93
282 858 313 902 u.
343 839 495 920 scriptum
524 841 586 905 est:
623 838 725 903 Amcu
752 841 819 905 dico
846 826 932 904 uadis
957 841 987 903 si
1013 840 1089 924 quid
1104 840 1265 920 petieritis

129 950 251 1024 putrem
275 944 307 1007 iu
328 946 451 1008 uomiue
473 964 537 1008 meo
560 945 647 1008 dabit
664 945 759 1009 uobis.
782 946 969 1030 Tegumenti
987 945 1105 1010 codicis
1122 945 1264 1010 Filastrii

12 1044 14 1047 ’
131 1070 202 1132 pars
226 1050 355 1114 interior
376 1050 473 1114 uariis
497 1049 749 1115 adnotationibus
774 1051 1007 1115 conscribillata
1029 1055 1091 1115 est:
1111 1051 1144 1114 in
1159 1051 1265 1115 media

89 1201 91 1203 -
134 1157 201 1221 eius
224 1157 340 1241 pagina
363 1175 441 1238 quae
465 1159 514 1220 est
536 1155 723 1220 exaduersus
747 1157 801 1222 fol.
828 1159 871 1220 lr
893 1160 995 1222 exstat
1016 1157 1068 1221 hic
1092 1157 1184 1222 index
1212 1176 1263 1221 co·

133 1261 212 1327 dicis
235 1283 328 1327 manu
352 1262 567 1327 recentissima
590 1263 741 1345 scriptus:
774 1262 837 1326 Hic
860 1264 1067 1326 coutiueutur:
1099 1262 1265 1327 Tractatus

133 1367 270 1433 Eilastri
292 1367 443 1450 Episcopi
464 1405 507 1414 -
531 1369 568 1432 de
590 1367 766 1433 haeresibus
784 1407 827 1415 —
847 1368 1030 1433 Tertulliani
1052 1368 1186 1433 decidis
1208 1368 1264 1432 Iu·

132 1475 231 1539 daicis
258 1474 309 1538 uel
329 1476 497 1553 -potius
524 1473 636 1539 alieuis
657 1474 807 1556 Episcopi
827 1514 870 1523 —
894 1474 1036 1557 Epistola
1062 1475 1118 1539 sub
1140 1477 1265 1540 uoruiue

132 1579 303 1645 Barnabae
325 1580 467 1663 Apostol'
489 1618 533 1628 —-
555 1580 699 1661 Epistola
725 1584 873 1647 cauouica
900 1583 981 1646 beati
1006 1581 1112 1645 Iacodi
1134 1619 1177 1631 —
1200 1603 1264 1646 uou

133 1687 298 1770 conformis
326 1688 455 1751 editioui
481 1687 634 1769 uulpataa
658 1689 738 1752 infra
765 1689 907 1770 seqnitur
928 1689 1042 1753 iterum
1063 1688 1148 1753 idem
1170 1688 1264 1753 index

132 1813 226 1858 mann
251 1813 331 1858 saec.
356 1794 417 1859 XII
439 1797 476 1857 ut
498 1795 624 1859 uidetur
647 1795 797 1876 scriptus:
822 1794 945 1877 filaster
968 1781 1020 1875 eps
1047 1795 1084 1858 de
1109 1793 1264 1858 becesibus

133 1939 175 1948 -
196 1899 405 1964 Tertullianus
427 1901 464 1965 de
483 1901 558 1964 cibis
576 1901 717 1965 Iudaicis
734 1938 778 1948 —-
797 1887 867 1982 ep]
883 1900 1017 1965 barocube
1035 1899 1110 1985 apli
1127 1937 1171 1946 —
1189 1899 1263 1980 epla

133 2009 281 2071 cuuouicc
307 2006 412 2070 Iacobi
442 2007 609 2071 secuudum
635 2007 764 2071 alteram
793 2008 1034 2071 traiislatioueuc.
1070 2008 1106 2071 In
1138 2006 1192 2069 iol.
1219 2008 1263 2069 1r

131 2114 269 2197 margine
298 2114 456 2195 superiore
478 2113 595 2196 legitur
617 2133 710 2178 manu
737 2113 953 2177 recentissima
976 2112 1128 2193 scriptum
1155 2108 1263 2175 Corde-

133 2218 229 2282 icasis
251 2217 453 2296 Mcuastecii,
478 2218 671 2301 conspicitur
692 2218 773 2281 infra
795 2217 870 2282 haec
893 2217 989 2281 uerba
1010 2236 1119 2281 rasura
1139 2217 1265 2281 numeri

134 2325 268 2389 alicuius
292 2324 324 2387 ni
346 2324 447 2401 fallor,
470 2324 502 2388 in
526 2325 665 2408 margine
687 2324 831 2389 inferiore
854 2342 1001 2387 numerus
1026 2325 1098 2400 625,
1124 2341 1184 2404 quo
1208 2343 1264 2387 nu-

134 2448 220 2494 mero
239 2449 317 2495 anno
338 2432 430 2509 1733,
442 2430 581 2495 codicem
600 2433 742 2495 notatum
760 2429 859 2493 fuisse
876 2430 908 2493 in
927 2429 1115 2494 monasterio
1136 2428 1167 2494 S.
1189 2429 1263 2494 Ger-

133 2536 218 2600 mani
239 2536 336 2600 refert
359 2534 531 2600 Galeardus
554 2537 575 2600 l.
596 2555 621 2600 s.
640 2555 671 2618 p.
689 2535 818 2612 XXVII,
843 2534 881 2598 ad
904 2534 1060 2598 dexteram
1083 2535 1263 2619 appositum

135 2645 184 2706 est
207 2643 332 2725 signum
356 2640 395 2703 N
408 2645 480 2718 717,
504 2641 587 2723 quod
610 2641 736 2724 signnm
758 2640 790 2704 in
814 2642 955 2724 catalogo
979 2640 1119 2706 eiusdem
1142 2641 1263 2724 byblio-

133 2748 244 2812 thecas
264 2767 341 2812 anno
360 2748 423 2811 fere
444 2748 528 2811 1740
548 2747 721 2829 composito
740 2746 813 2810 huic
833 2746 932 2810 codici
951 2747 1144 2829 adscriptum
1162 2747 1263 2812 fuisse

135 2857 259 2918 constat
282 2852 476 2938 (Hilgenfeld
497 2854 519 2916 l.
544 2872 570 2918 s.
590 2873 616 2918 s.
635 2873 666 2936 p.
685 2852 786 2937 ΧΠΙ).
808 2852 893 2916 Infra
915 2871 1079 2922 numerum
1103 2854 1262 2938 6251681-

133 2964 187 3024 tur
208 2959 261 3022 Eu
283 2979 385 3024 museo
409 2957 500 3023 Petri
521 2953 723 3040 Dubcowsbp.
749 2959 873 3023 Primus
897 2957 936 3022 ad
957 2958 1098 3022 Filastrii
1121 2960 1269 3024 emenda·¹

133 3066 251 3131 tionem
273 3066 332 3130 hoc
355 3065 434 3129 libro
458 3083 535 3130 usus
555 3069 604 3130 est
620 3065 739 3129 Paulus
761 3064 932 3130 Galeardus
953 3064 1063 3154 quide
1083 3084 1119 3130 eo
1138 3068 1262 3131 rettulit

132 3172 165 3235 in
190 3172 263 3235 edit.
289 3191 314 3236 s.
340 3190 365 3238 s.
389 3191 420 3253 p.
442 3171 563 3236 XXVII
586 3190 688 3256 seqq:
720 3171 771 3235 cui
798 3171 973 3236 contulerat
993 3171 1110 3235 librum
1131 3172 1261 3236 Parisiis

104 3332 106 3341 Α
134 3280 265 3343 loannes
292 3277 436 3359 Raverdy
462 3277 632 3342 monachus
660 3276 884 3341 Benedictinus
912 3294 928 3340 e
957 3277 1196 3362 congregatione
1230 3277 1261 3344 S.

134 3383 236 3447 Mauri
264 3402 343 3448 anno
369 3383 452 3446 1737
481 3383 606 3447 ineunte
630 3381 720 3467 (conf
739 3381 884 3447 Galeardi
906 3382 982 3450 odit.
1005 3403 1036 3465 p.
1062 3384 1123 3446 152
1148 3383 1261 3469 seqq).

134 3491 201 3574 Ego
225 3490 308 3553 bunc
332 3489 471 3554 codicem
493 3488 653 3572 Petropoli
676 3489 796 3554 contuli
817 3508 929 3573 magno
954 3508 1025 3554 cum
1050 3489 1261 3566 emolumento

134 3596 229 3661 huius
254 3596 400 3661 editionis
424 3597 527 3660 hiems
546 3596 617 3659 anni
637 3598 731 3661 1886.
757 3594 859 3661 Codex
881 3598 967 3661 totus
987 3596 1024 3659 ab
1044 3596 1152 3661 eodem
1169 3596 1262 3661 libra·

128 3703 180 3766 rio
210 3701 346 3784 scriptus
376 3704 433 3778 est,
458 3703 512 3785 qui
538 3702 632 3766 homo
658 3702 721 3766 fnit
746 3702 913 3787 neglegens
939 3721 1111 3784 parumque
1135 3702 1282 3791 doctus:

136 3826 228 3888 saepe
260 3827 374 3872 uersus
404 3809 546 3892 singulos
579 3808 739 3890 archetypi
765 3808 909 3892 neglexit,
937 3827 1167 3890 nonnumquam
1200 3810 1264 3874 sin-

136 3913 227 3996 gulas
255 3914 400 3997 paginas:
434 3915 489 3979 sed
515 3934 670 3997 nusquam
699 3916 793 3997 caput
819 3913 945 3997 aliquod
972 3914 1079 3979 omisit
1100 3915 1153 3978 uel
1175 3934 1264 3998 para-

136 4017 273 4102 graphon
312 4019 388 4101 quia
424 4020 610 4103 displicebat
642 4019 810 4103 scriptoris
846 4019 950 4102 opinio
990 4038 1046 4085 nec
1085 4021 1151 4086 ullo
1191 4021 1264 4088 loco
