2858 4620
222 298 263 360 30
403 290 581 347 amnentur
600 291 831 347 umnnsunru
848 291 1041 349 nanasaou
1058 292 1166 348 nnana

222 487 330 554 Sirach
356 485 443 551 illius
471 485 524 568 qui
553 485 680 567 scripsit
701 487 775 566 post
797 484 1006 565 Salomonem,
1028 485 1061 551 id
1084 490 1133 552 est
1153 490 1227 572 post
1248 489 1351 554 multa

221 597 370 676 tempora,
401 593 517 657 librum
543 611 641 656 unum
670 591 856 674 Sapientiae,
881 590 1040 658 Christum
1067 596 1172 658 autem
1199 594 1230 657 in
1258 611 1350 658 carne

220 700 345 765 uenisse
372 701 533 782 negantes,
559 696 818 762 resurrectionem
847 699 880 762 ct
904 695 1145 766 iudiciumlnon
1176 702 1347 783 sperantes,

178 809 198 872 3
222 806 259 871 de
286 805 407 890 uirgine
434 808 542 869 natum
570 823 641 868 eum
669 823 729 868 non
757 803 928 871 credentes.
957 802 1018 884 Qui
1045 805 1077 869 in
1104 806 1183 872 locis
1206 805 1348 872 Galatiae

222 913 460 990 commorantur,
489 913 522 977 ct
547 913 583 975 ut
609 909 722 993 uulpes
748 910 910 974 latitantes
938 910 1090 993 plurimos
1114 911 1347 995 depraedentur,
1377 931 1391 970 s

222 1018 306 1083 sicut
332 1017 480 1084 Salomon
506 1019 644 1082 testatus
673 1019 733 1093 est,
761 1015 882 1081 dicens:
911 1016 1102 1082 Prenditc
1130 1017 1241 1083 nobis
1264 1017 1348 1083 uul-

221 1144 291 1207 pes
326 1124 526 1202 minimas,
560 1122 875 1190 exterminantes
912 1123 1054 1188 uineas
1091 1123 1236 1190 domini
1272 1124 1349 1189 sal-

220 1231 391 1297 uatoris.

736 1407 837 1471 XXIX

130 1558 205 1613 LVII
265 1548 329 1615 Alii
356 1551 430 1614 sunt
456 1548 509 1630 qui
535 1548 672 1612 Floriani
700 1547 769 1612 sine
796 1546 1024 1630 carpocratiani
1052 1547 1207 1626 dicuntur,
1234 1547 1289 1629 qui
1317 1549 1353 1612 et
1368 1566 1396 1606 ro

221 1655 341 1721 Milites
363 1659 526 1734 uocantur,
550 1655 622 1739 quia
648 1654 686 1719 de
712 1654 899 1722 militaribus
928 1654 1064 1732 fuerunt,
1091 1656 1238 1738 negantes
1268 1652 1352 1718 iudi·

223 1762 306 1827 cium
333 1764 427 1846 atque
453 1761 720 1840 resurrectionem,
741 1759 910 1834 ¹Christum
936 1764 1046 1826 uatum
1073 1760 1111 1825 dc
1138 1760 1259 1844 uirgine
1285 1778 1352 1825 non

224 1867 393 1947 credentes,
421 1887 604 1949 omnemque
629 1867 887 1932 resurrectionem
913 1866 945 1930 in
972 1867 1106 1931 filiorum
1134 1865 1352 1950 procreatione

223 1972 347 2038 nefandi
369 1973 470 2039 coitus
494 1973 694 2038 aestimantes
718 1973 899 2051 consistere,
923 1972 1012 2037 utin
1036 1973 1170 2038 ecclesia
1192 1990 1249 2036 sua
1274 1974 1353 2054 post

224 2098 369 2145 occasum
391 2079 525 2145 lucernis
549 2079 693 2144 extinctis
715 2079 841 2144 misceri
864 2098 936 2144 cum
958 2079 1152 2143 mulierculis
1176 2097 1235 2142 non
1259 2077 1352 2142 dubi·
1370 2097 1398 2139 ns

182 2192 201 2253 2
224 2183 476 2270 tauerint,lilegis
499 2188 700 2268 pracceptum
722 2185 851 2269 implere
878 2188 1040 2267 putantes:
1074 2183 1281 2249 Nascimini
1314 2185 1354 2249 et

225 2291 546 2374 multiplicamini,
587 2291 745 2357 Iudaismo
790 2291 896 2373 potius
947 2293 979 2355 et
1026 2291 1198 2375 paganitati
1242 2308 1353 2373 parere

225 2397 373 2462 nefandae
406 2415 498 2481 quam
527 2397 719 2462 Christianae
750 2397 876 2468 ueritati
908 2397 1106 2480 adquiescere
1138 2399 1352 2479 properantes,

225 2502 441 2586 pecudumque
474 2503 572 2567 uitam
603 2503 709 2586 potius
742 2508 773 2567 et
804 2503 971 2567 amentiam
999 2502 1183 2580 detinentes,
1211 2521 1289 2584 quos
1320 2504 1354 2566 et

227 2609 380 2691 scriptura
401 2608 486 2672 uitae
508 2607 664 2689 pecudum
687 2608 888 2691 comparauit.
1197 2663 1198 2666 ,
1370 2631 1401 2671 ao

741 2781 830 2845 XXX

122 2938 209 2994 LVIII
270 2924 333 2988 Alii
354 2926 439 3002 sunt,
463 2923 516 3005 qui
539 2923 578 2987 de
601 2922 651 2987 die
673 2922 808 3004 paschae
831 2922 1034 2987 saluberrima
1061 2921 1235 3004 ambigunt,
1263 2921 1353 2987 adse·

226 3033 330 3095 rentes
362 3030 591 3113 quartadecima
626 3031 702 3094 luna
737 3029 954 3094 celebrandum
991 3048 1060 3094 esse
1095 3029 1253 3110 pascham,
1289 3040 1353 3092 uon

227 3137 310 3202 sicut
343 3136 474 3200 ccclesia
509 3135 663 3200 catholica
698 3135 852 3214 celebret,
879 3139 911 3199 at
945 3154 1052 3199 mense
1083 3134 1195 3199 Martio
1230 3152 1355 3217 semper

185 3255 203 3316 2
228 3243 445 3307 celebrandum
476 3240 653 3328 adserunt3l
668 3244 700 3306 et
727 3261 797 3306 cum
825 3242 884 3305 hoc
912 3239 1040 3316 faciunt,
1065 3241 1147 3305 diem
1169 3259 1229 3305 non
1253 3240 1355 3306 domi·
1373 3266 1402 3308 ss

227 3348 328 3412 nicam
357 3367 478 3431 semper
504 3347 686 3413 custodiunt
711 3347 854 3430 paschae,
881 3366 940 3412 non
965 3349 1182 3428 computantes
1204 3347 1297 3411 horas
1322 3349 1355 3412 61

229 3454 305 3532 dies,
334 3454 390 3520 sed
417 3453 553 3519 secunda
581 3457 636 3517 ant
657 3453 750 3518 tertie
773 3455 959 3535 autquarta
981 3454 1036 3518 aut
1059 3453 1167 3534 quinta
1189 3454 1243 3516 ant
1266 3455 1356 3518 sexta

315 3694 333 3746 6
351 3688 453 3744 Cantic.
471 3687 500 3742 11
519 3687 551 3742 15
606 3689 639 3743 16
657 3685 753 3741 Genea.
772 3685 787 3739 Ι
804 3687 837 3741 28
891 3688 925 3743 19
942 3684 970 3740 ΙΙ
987 3686 1060 3740 Patr.
1078 3684 1106 3738 11
1126 3680 1233 3742 12111.
1254 3684 1286 3740 10

264 3829 460 3887 laalouronem
478 3828 505 3881 Β
558 3828 620 3884 ain
639 3843 682 3881 om
701 3828 727 3880 A
779 3829 943 3895 ausgerus
961 3826 989 3879 B
1007 3827 1035 3879 et
1051 3828 1181 3894 negantes
1196 3826 1222 3878 A
1274 3829 1357 3881 daa-

228 3919 319 3973 lcmon
336 3917 363 3972 Β
422 3918 536 3974 711161
554 3918 581 3971 Β
635 3919 665 3973 11
686 3917 750 3986 qnia
766 3916 794 3968 B
812 3915 859 3985 qui
876 3914 904 3969 A
957 3918 993 3971 14
1012 3917 1102 3969 666116
1120 3913 1147 3966 Β
1217 3917 1248 3967 11
1266 3928 1310 3967 om
1329 3917 1358 3970 A

231 4007 447 4065 1566666111
466 4004 669 4060 occasumsolis
688 4005 715 4058 B
768 4007 801 4061 16
818 4003 965 4058 nascemini
979 4003 1006 4056 B
1076 4007 1104 4056 et
1121 4004 1203 4057 omA
1256 4002 1288 4057 17
1308 4019 1358 4072 pa·

230 4111 288 4149 rare
306 4096 333 4148 A
385 4097 418 4150 18
434 4082 532 4164 {pians
549 4095 664 4148 ueritate
682 4095 710 4147 A
764 4095 797 4149 16
814 4092 996 4163 pecudumque
1014 4087 1115 4146 uitaA
1166 4092 1203 4145 20
1223 4089 1358 4159 pecodum

230 4185 257 4238 A
308 4185 344 4238 26
361 4181 546 4238 celebrandam
564 4183 591 4235 B
643 4184 678 4238 25
696 4180 883 4236 celebrandum
900 4181 927 4234 B
946 4180 1070 4234 celebrat.
1089 4178 1215 4233 Nondum
1233 4181 1261 4233 A
