2858 4620
194 374 196 377 Ι
243 300 264 363 4
428 294 605 350 rrulsuun
621 295 854 352 DIVERSARVM
870 299 1062 354 HERESEON
1078 300 1186 356 LIBER

243 487 344 573 piuut,
372 491 404 552 et
431 488 583 572 quaedam
609 491 750 572 tempora
772 490 896 556 Christo
924 491 1048 559 domino
1076 499 1181 560 nostro
1205 513 1274 560 esse
1297 515 1369 561 cou-

243 594 336 658 traria
359 593 515 659 adserunt.

780 785 832 840 Vll

285 913 348 978 Alii
376 908 478 977 autom
504 909 690 977 Samaritani
716 913 790 975 sunt
813 930 831 976 a
853 910 997 978 Samareo
1020 927 1094 997 rege
1116 915 1161 979 ita
1183 919 1363 999 nuncupati.

234 1021 304 1087 ¹Alii
335 1023 441 1085 autem
473 1019 561 1084 aiunt
587 1038 605 1083 a
632 1018 697 1082 tilio
722 1018 853 1096 Oanaan,
882 1019 935 1100 qui
963 1019 1021 1085 hoc
1053 1022 1175 1087 nomine
1199 1022 1362 1091 samareus
1387 1049 1403 1092 a

239 1128 419 1203 uocabatur,
443 1144 545 1208 aquo
570 1123 754 1190 Samaritani
777 1126 852 1188 suut
879 1125 1036 1209 appellati.
1068 1127 1127 1192 Isti
1152 1129 1255 1213 legem
1284 1131 1360 1196 acci-

238 1234 333 1316 piunt>
350 1233 444 1311 Mosi,
471 1231 503 1295 id
531 1233 580 1296 est
607 1233 754 1313 quattuor
781 1232 882 1296 solum
910 1232 1017 1308 libros,
1045 1233 1196 1298 iudicium
1219 1236 1362 1302 futurum

238 1360 298 1406 nou
323 1340 530 1423 expectantes,
552 1337 809 1402 resurrectionem
832 1340 993 1422 negantes,
1014 1338 1173 1404 Christum
1197 1341 1289 1406 deum
1313 1343 1361 1408 dei

237 1446 336 1511 filium
368 1447 400 1509 in
431 1446 501 1529 lege
535 1447 567 1508 et
596 1443 756 1526 prophetis
786 1443 964 1508 nuntiatum
995 1447 1066 1510 ante
1098 1465 1157 1510 non
1190 1447 1359 1528 credentes,

170 1547 191 1610 2
237 1553 369 1617 animam
398 1551 492 1616 etiam
518 1550 719 1614 inmortalem
741 1549 853 1614 habere
881 1551 1039 1616 hominem
1064 1551 1149 1616 iuxta
1175 1553 1276 1636 legem
1299 1575 1359 1621 non
1376 1584 1400 1625 ro

237 1653 549 1741 sentientes,lsolnm
580 1658 685 1720 autam
716 1656 775 1720 hoc
802 1656 834 1719 in
863 1675 988 1738 corpore
1015 1658 1188 1722 uiuendum
1211 1678 1280 1724 esse
1303 1681 1358 1744 pu·

235 1768 347 1841 tantas,
378 1762 697 1844 resurrectionemque
728 1762 864 1827 futuram
895 1763 926 1826 in
965 1765 1175 1845 procreatione
1213 1765 1358 1847 filiorum,

234 1889 313 1952 quae
344 1869 375 1932 in
407 1868 466 1934 boc
498 1870 624 1934 saeculo
655 1867 691 1931 lit
722 1867 858 1948 cottidie,
890 1870 968 1934 bauo
1000 1871 1201 1935 aestimantes
1229 1891 1358 1956 eamque

233 1975 446 2058 praedicantes
469 1975 649 2050 uanitatem,
667 1973 835 2038 insensatis
855 1973 969 2057 quippe
987 1975 1159 2058 pecudibus
1178 1979 1358 2060 comparati,

233 2083 270 2146 ut
292 2081 443 2164 scriptum
467 2083 517 2145 est
537 2081 569 2144 in
592 2080 757 2163 propheta:
977 2102 978 2105 ¹
1375 2112 1399 2155 η

276 2188 398 2252 Homo
421 2186 460 2249 in
483 2186 632 2250 honore
656 2185 910 2252 constitutus
934 2206 1006 2251 non
1030 2187 1249 2267 intellexit,

277 2294 530 2375 comparatus
554 2290 778 2373 pecudibus
801 2291 1034 2370 insensatis,

276 2402 315 2463 et
338 2397 489 2463 similis
507 2397 571 2461 ‘eis
594 2396 729 2461 factus
753 2399 823 2462 est.

760 2585 826 2638 VIII
870 2587 872 2592 ’

272 2713 344 2779 Alia
375 2714 425 2778 est
455 2711 574 2776 heresis
608 2710 794 2776 Indaeorum
832 2712 887 2795 qui
923 2712 1067 2778 dicuntum
1097 2714 1237 2795 Nanorei,
1273 2735 1354 2799 quae
1370 2747 1398 2790 so

227 2820 330 2904 legem
353 2822 386 2884 et
407 2817 574 2901 propbetas
602 2817 725 2900 accipit,
754 2819 918 2882 carnaliter
942 2821 1045 2883 tamen
1071 2819 1239 2885 uiuendum
1263 2823 1353 2888 adfir-

228 2929 303 3004 mat,
336 2943 520 3007 omnemqne
551 2923 805 2988 iustificationum
831 2924 863 2988 in
891 2925 1005 2989 carnali
1032 2913 1232 2991 obseruantia
1253 2912 1358 2997 const

184 3025 310 3096 2stere
342 3031 530 3113 suspicatur,
563 3029 662 3095 crines
695 3031 789 3094 etiam
821 3030 991 3096 nutrientes
1023 3031 1135 3114 capitis
1167 3052 1353 3117 omnemque

227 3136 376 3202 uirtutem
403 3135 544 3200 iustitiae
570 3136 602 3200 in
630 3156 664 3202 co
692 3139 838 3219 putantes
864 3138 1043 3217 consistere,
1067 3139 1197 3220 quasia
1220 3136 1351 3206 Samson

225 3241 281 3308 illo
311 3241 415 3306 iudice
447 3242 508 3306 sibi
534 3241 594 3306 boc
621 3245 852 3324 praesumentes
879 3243 985 3308 indicii
1008 3243 1080 3326 quia
1101 3243 1233 3308 Nanorei
1255 3263 1347 3312 noca·
1368 3275 1393 3316 a

225 3349 351 3414 bantur:
384 3366 491 3430 aquo
522 3350 632 3430 postea
662 3349 775 3431 pagani
805 3348 902 3414 fortes
935 3350 1020 3416 uiros
1056 3368 1092 3414 ex
1126 3349 1212 3415 illius
1248 3349 1351 3436 figura

225 3456 412 3536 usurpantes
434 3453 587 3518 Hercules
614 3457 840 3535 nuncuparunt.

310 3835 344 3889 lo
361 3832 459 3886 Psalm.
477 3831 592 3887 XLVIII
611 3833 652 3888 13.
671 3833 704 3889 21

256 4005 394 4063 bebanaa
451 4007 564 4076 tmesi]
584 4007 594 4060 i
611 4023 693 4076 scopes
710 4010 835 4076 operuit
851 4012 907 4063 m2
962 4011 1181 4079 8exspectautes
1248 4013 1281 4067 13
1299 4027 1343 4065 co·

222 4092 288 4147 tidie
338 4097 371 4152 lb
389 4095 517 4149 'scribtum
571 4096 658 4153 loica
677 4102 741 4151 cata
758 4092 821 4151 co‘la
838 4098 968 4166 sciptum
986 4103 1024 4152 est
1040 4098 1136 4158 incod
1177 4099 1340 4168 mnanorei]

221 4196 335 4250 seraper
353 4183 478 4251 operuit
494 4187 550 4237 m2
601 4183 770 4241 aralunae
821 4187 857 4241 25
873 4185 988 4256 nazorei]
1009 4202 1128 4255 usupra
1146 4187 1271 4256 operuit
1287 4190 1343 4240 ms
