2858 4620
517 276 801 344 Prolegomena.
1143 276 1218 362 XX]

97 475 257 538 seruatum
280 476 329 536 est
351 472 381 535 in
401 451 549 536 Corbeiae
573 469 716 550 antiquae
738 468 856 533 incluto
875 467 1061 532 monasterio
1082 467 1113 534 S.
1132 468 1218 533 Petri
1290 476 1296 487 ·

94 581 128 644 10
152 578 255 644 Galba
278 579 349 643 sito.
374 578 542 660 Catalogus
563 576 714 640 librorum
736 575 830 638 huius
852 573 1033 638 monasterii
1054 594 1134 640 saec.
1156 575 1218 639 XII

95 685 294 767 conscriptus
313 683 395 766 apud
414 682 451 748 G.
470 683 642 747 Becherum
662 681 804 764 Catalogi
821 680 1080 745 bibliothecarum
1099 682 1218 763 antiqui

93 791 222 854 Bonnae
247 790 330 854 1885
354 808 384 852 0.
404 789 445 852 79
468 808 498 871 p.
521 788 592 862 188,
618 787 678 850 147
703 787 819 855 indicat
841 786 935 850 huius
959 786 1075 851 codicis
1097 791 1216 868 partem

93 896 229 978 primam
259 896 319 960 hoc
349 894 444 959 titulo
472 892 627 956 Fttoaster
652 892 689 956 de
714 892 875 972 heresibus,
907 893 1022 957 rectius
1055 894 1216 976 catalogus

92 1002 216 1084 plenior
237 1021 316 1066 anno
335 1001 398 1064 fere
420 1001 502 1063 1200
522 999 657 1081 scriptus
675 999 696 1063 1.
717 1017 742 1062 0.
761 1019 790 1061 0.
812 1000 873 1063 130
892 1019 920 1081 p.
939 1001 1012 1076 283,
1030 1001 1093 1062 240
1111 1002 1215 1064 totum

92 1107 235 1172 codicem
257 1106 307 1170 his
325 1105 444 1169 uerbis:
466 1104 603 1168 Fiduster
620 1105 657 1167 de
674 1103 836 1168 heresibus.
861 1103 1069 1168 Tertullianus
1087 1105 1123 1169 de
1142 1105 1216 1170 eibe's

90 1212 245 1276 Iudaicas.
268 1211 396 1293 epistola
418 1208 574 1274 Bareobe.
598 1210 726 1290 epistole
746 1209 861 1277 Iacobe'.
884 1211 945 1274 Hic
964 1211 1059 1276 codex
1077 1231 1092 1275 e
1110 1230 1214 1275 mona-

91 1319 188 1383 sterio
214 1316 392 1382 corbeiensi
425 1316 546 1380 delatus
579 1318 627 1379 est
657 1314 688 1378 iu
715 1315 944 1397 bybliothecam
973 1314 1003 1381 S.
1028 1314 1172 1381 Germani
1197 1337 1215 1381 a

89 1425 192 1506 pratis
224 1422 375 1487 Parisios:
413 1441 474 1503 qua
510 1420 547 1485 do
583 1440 615 1485 re
651 1423 759 1485 auctor
796 1422 845 1485 est
878 1420 1047 1486 Galeardus
1078 1423 1100 1486 l.
1134 1442 1158 1488 0.
1190 1443 1212 1488 s.

89 1550 123 1611 p.
142 1529 262 1593 XXVII
280 1528 334 1610 qui
352 1548 423 1592 eum
441 1546 568 1591 numero
588 1527 650 1591 625
673 1527 767 1590 refert
788 1527 886 1590 fuisse
910 1527 1077 1610 signatum.
1100 1529 1215 1592 Postea

89 1635 172 1699 inter
194 1635 352 1698 tumultus
376 1635 408 1698 et
429 1632 571 1697 incendia
594 1635 722 1696 exeunte
746 1652 826 1698 0000.
850 1633 955 1698 XVIII
977 1634 1106 1698 Parisiis
1135 1655 1212 1717 quae

88 1741 282 1807 factasunt
309 1758 386 1803 cum
408 1739 477 1803 aliis
504 1739 684 1803 monasterii
707 1738 981 1823 Sangermaueusis
1002 1740 1159 1806 thesauris
1180 1740 1211 1804 10

89 1844 324 1927 bybliothecam
346 1845 431 1909 Petri
449 1845 643 1927 Dubrowshy
667 1847 715 1908 est
737 1846 879 1909 conlatus
903 1846 992 1910 cuius
1014 1846 1213 1929 bybliotheca

89 1954 202 2034 postea
222 1969 293 2034 pars
312 1951 395 2014 facta
414 1955 463 2014 est
480 1950 697 2033 bybliothecae
715 1950 929 2032 imperatoriae
947 1951 1211 2034 Petropolitanae;

90 2057 167 2132 conf
191 2076 269 2138 quae
298 2055 334 2120 do
357 2054 431 2121 fatis
453 2057 586 2120 istorum
610 2056 753 2121 codicum
776 2060 954 2121 enanaruut
975 2058 1010 2121 lo.
1035 2058 1071 2121 de
1095 2058 1212 2121 Muralt

89 2162 230 2227 Bulletin
261 2163 298 2226 de
325 2164 356 2226 la
383 2164 483 2227 classe
510 2163 887 2247 historIco-philologique
910 2164 947 2227 de
969 2163 1149 2228 l'aeademie
1173 2163 1210 2228 de

90 2267 138 2333 St.
161 2268 372 2351 Pe'tersbourg
399 2269 427 2331 V
456 2270 539 2333 1848
571 2289 601 2350 p.
626 2271 645 2332 3
672 2269 708 2334 R.
734 2268 846 2334 Gillert
876 2269 981 2334 Neues
1012 2270 1127 2335 Archiv
1158 2270 1211 2334 der

90 2373 304 2439 Gesellschait
338 2374 388 2437 fur
424 2375 517 2438 010010
554 2375 704 2439 deutsche
741 2373 1029 2440 Geschichtskunde
1065 2377 1093 2439 V
1127 2377 1209 2440 1880

89 2501 122 2562 p.
138 2480 201 2543 243
220 2498 304 2560 seqq.
322 2479 357 2542 L.
372 2472 490 2542 Delisle
507 2479 538 2542 10
557 2479 680 2543 cabinet
698 2480 751 2544 des
769 2481 957 2546 manuscrits
975 2485 1051 2546 tom.
1065 2483 1098 2546 II
1110 2501 1140 2563 p.
1156 2483 1208 2548 52.

88 2585 136 2649 Ex
157 2584 216 2648 hoc
239 2584 344 2648 codice
368 2584 519 2666 epistolae
536 2586 694 2649 Barnabae
716 2586 818 2650 uersIo
842 2586 951 2650 100100
973 2586 1107 2668 primum
1124 2587 1210 2651 inno-

87 2689 154 2753 tuit
171 2689 305 2752 editione
323 2689 467 2774 Hugonis.
484 2689 623 2754 Menardi
641 2690 782 2754 Parisino
800 2711 825 2754 0.
846 2693 942 2756 1645:
964 2692 1038 2756 conf
1050 2692 1209 2756 Barnabae

89 2795 224 2881 epistola
246 2795 294 2858 ed.
317 2795 353 2859 A.
377 2795 557 2878 Hilgenfeld
583 2797 706 2879 Lipsiae
731 2798 813 2861 1877
837 2818 866 2881 p.
891 2797 960 2862 VII.
984 2797 1069 2862 VIII.
1107 2799 1209 2863 Hodie

88 2903 191 2966 000000
213 2901 244 2964 10
264 2901 341 2964 duas
360 2904 463 2982 partes
483 2902 605 2966 diuisus
623 2903 654 2967 in
673 2903 867 2984 imperatoris
885 2904 1086 2987 bybliotheca
1102 2902 1208 2969 Petro-

86 3007 235 3088 politana.
257 3007 396 3071 Priorem
418 3009 538 3089 partem
560 3009 594 3072 id
617 3011 666 3073 est
686 3009 826 3074 Pilastn'i
847 3010 962 3074 librum
986 3011 1023 3074 de
1045 3011 1208 3075 heresibus

87 3113 229 3177 continet
249 3112 344 3177 huius
362 3113 577 3195 bybliothecae
596 3115 691 3180 codex
709 3120 791 3180 auct.
810 3117 878 3180 Lat.
896 3118 912 3180 I
931 3115 966 3197 Q.
985 3137 1014 3182 v.
1034 3119 1075 3181 38
1093 3117 1208 3200 longus

86 3239 129 3284 m.
154 3220 262 3295 o‚235‚
285 3219 369 3283 latus
389 3221 463 3297 0,19
486 3220 631 3285 soldorum
650 3222 767 3286 1-60.
790 3223 865 3287 Pars
888 3224 1042 3306 posterior
1063 3223 1208 3289 fohorum

88 3325 217 3389 70—93
239 3323 362 3388 inclusa
384 3328 433 3389 ost
455 3327 486 3389 in
510 3327 650 3391 eiusdem
672 3328 888 3410 bybliothecae
916 3329 974 3393 cod
996 3332 1078 3394 auct.
1101 3330 1168 3393 Lat.
1192 3330 1208 3393 Ι

87 3428 123 3508 Q.
142 3450 170 3495 v.
190 3430 231 3492 39
255 3430 308 3510 qni
332 3434 380 3494 000
402 3430 542 3495 eiusdem
565 3433 682 3497 formae
706 3437 737 3498 et
759 3434 819 3498 tria
840 3435 895 3498 1110
913 3435 1018 3499 ordine
1036 3434 1207 3516 posteriora

87 3537 225 3601 continet
251 3535 381 3616 scripta:
414 3556 506 3619 quem
534 3538 765 3622 descripserunt
787 3541 939 3622 epistulae
961 3541 1120 3606 Barnabae
1144 3542 1207 3606 odi-

85 3646 170 3707 tores
193 3642 295 3706 ueluti
316 3642 497 3725 Hilgenfeld
518 3645 540 3708 l.
565 3664 590 3709 s.
609 3664 639 3727 p.
658 3646 743 3712 XIII.
762 3646 845 3712 XIV.
869 3646 968 3710 Vetus
991 3647 1089 3731 igitur
1112 3648 1205 3712 codex

86 3748 282 3815 Corbeiensis
304 3749 418 3813 11000010
437 3750 628 3835 Xerolingiis
649 3771 728 3816 saec.
746 3752 792 3817 IX
811 3753 946 3834 scriptus
969 3753 1006 3817 ab
1030 3774 1092 3819 uno
1114 3755 1206 3819 libra·

83 3857 130 3920 rio
164 3858 230 3919 erat
259 3855 481 3935 1011000008,
510 3859 725 3938 quaterniones
757 3858 828 3924 inde
860 3879 878 3923 a
909 3859 1060 3942 principio
1088 3861 1204 3926 codicis

83 3977 187 4041 usque
215 3958 253 4022 ad
278 3959 668 4027 1014800000100000
695 3963 840 4047 deinceps
868 3983 920 4027 sex
947 3965 978 4028 in
1006 3965 1204 4030 uniuscuius-

85 4085 145 4148 que
177 4065 261 4128 exiiu
291 4065 405 4129 littoris
437 4066 588 4148 apposItis
615 4067 721 4146 A-r‚
747 4069 888 4150 sequitur
914 4070 1012 4134 ternio
1040 4089 1121 4134 nnus
1148 4071 1202 4139 fol.

84 4172 268 4238 lor-5411
301 4171 409 4236 eodem
439 4173 508 4237 loeo
539 4173 644 4237 littera
671 4173 698 4239 G
729 4175 881 4258 signatus,
914 4176 1024 4240 deinde
1057 4181 1204 4242 secuntur
