2858 4620
175 309 194 371 6
353 304 529 360 slanscun
545 303 774 358 ulvnssnuvu
791 301 980 359 HERESEON
996 303 1102 358 Llsns

132 496 152 557 2
176 498 355 582 defatigent,
378 499 468 581 inque
490 499 549 563 hoc
572 497 688 564 scelera
709 497 810 561 adhuc
832 498 1038 580 perseuerant,
1062 495 1206 578 putantes
1234 496 1286 561 dci

174 603 251 668 iram
276 623 310 667 en
333 605 390 669 hac
413 623 491 671 uana
514 603 710 669 obseruantia
731 622 823 686 posse
845 603 976 685 placare.

705 791 757 846 xlc

218 916 280 981 Alii
313 919 386 981 sunt
411 916 573 982 Musiritae
603 917 736 995 nomine,
769 917 821 1000 qui
853 917 967 983 sorices
1000 917 1114 993 colunt,
1147 914 1201 998 qui
1228 916 1285 980 sub

174 1021 246 1085 Heli
278 1021 431 1103 quondam
465 1022 631 1100 sacerdote,
665 1043 733 1088 curn
762 1023 874 1088 fuisset
900 1027 989 1104 capta
1016 1041 1085 1087 arca
1107 1017 1326 1087 testamentis

176 1127 212 1189 ab
236 1127 358 1192 allofilis
382 1129 473 1209 atque
496 1147 531 1191 ex
552 1128 597 1191 ira
615 1128 665 1191 dei
681 1128 877 1210 produxisset
894 1131 974 1192 terra
992 1128 1106 1192 sorices
1125 1129 1162 1191 ut
1179 1146 1285 1192 corum

175 1231 279 1315 fruges
318 1232 498 1313 deperirent,
533 1233 681 1298 admoniti
717 1253 734 1297 a
766 1233 831 1298 suis
864 1234 1003 1298 fecerunt
1039 1252 1146 1297 aureos
1182 1252 1285 1297 mures

176 1339 267 1417 atque
299 1355 351 1401 eos
384 1356 453 1401 cum
486 1356 555 1400 arca
587 1340 618 1402 ct
649 1338 774 1402 sedibus
801 1337 901 1402 aureis
929 1338 1114 1402 remiserunt
1140 1338 1285 1420 quinque,

132 1446 152 1507 2
176 1443 342 1523 statimque
366 1442 401 1507 ab
426 1444 470 1507 cis
494 1443 586 1507 desiit
608 1443 794 1527 pestilentia.
817 1445 930 1528 Legem
949 1443 1052 1524 itaque
1072 1447 1103 1507 et
1120 1444 1291 1527 prophetas-

175 1547 229 1612 isti
256 1547 441 1630 accipientes
468 1568 526 1613 non
554 1553 745 1633 cognoscunt
767 1550 825 1614 hoc
849 1568 917 1614 esso
940 1568 1053 1613 uanum
1078 1551 1109 1613 et
1133 1548 1285 1613 abomina
1305 1565 1327 1604 ιο

175 1652 238 1717 bile
270 1652 352 1735 quod
379 1655 416 1717 ab
444 1655 596 1719 uniuersis
623 1655 827 1719 contemnitur
854 1658 885 1719 et
912 1655 1010 1719 modis
1039 1655 1180 1720 omnibus
1208 1655 1286 1719 deri·

177 1757 275 1823 detur.

700 1881 767 1934 XIII

220 2005 281 2068 Alii
306 2007 377 2070 sunt
400 2005 453 2087 qui
475 2024 616 2070 muscam
638 2006 775 2070 Acca-ron
799 2007 906 2071 colunt
927 2007 958 2072 in
982 2007 1109 2072 ciuitate
1131 2007 1175 2071 ita
1193 2007 1286 2085 dicta,

176 2115 212 2174 ut
238 2110 269 2173 in
291 2111 467 2194 Regnorum
493 2111 573 2176 libro
601 2112 751 2194 scriptum
778 2115 826 2176 est
853 2113 945 2177 sicuti
972 2132 1023 2177 rex
1046 2112 1136 2177 Ozias
1158 2112 1287 2177 Iudaeo·
1304 2128 1329 2168 1⁵

176 2235 244 2278 rum
266 2217 415 2300 languens
437 2217 564 2297 miserat
586 2217 624 2281 ad
642 2236 783 2282 muscam
801 2218 936 2282 Accaron
957 2218 1127 2296 ciuitatem,
1146 2218 1172 2282 si
1192 2237 1286 2283 sanus

132 2321 153 2382 2
176 2320 242 2385 fieri
268 2319 440 2406 possettdc
467 2323 614 2406 languore
639 2323 788 2404 oorporis;
819 2323 907 2388 cuius
930 2343 1024 2388 causa
1045 2324 1154 2388 beatus
1177 2325 1286 2389 Helias

177 2426 275 2491 iratus
302 2427 366 2491 zelo
394 2427 499 2493 diuino
525 2429 683 2511 propheta,
711 2428 863 2510 quianon
887 2447 904 2492 a
927 2429 991 2495 deo
1007 2429 1129 2495 Christo
1153 2431 1288 2494 salntem

177 2532 360 2597 Indaeorum
382 2551 433 2598 rex
456 2551 576 2616 sperare
599 2535 718 2612 maluit,
737 2534 791 2600 scd
814 2555 831 2599 a
852 2554 960 2600 musca
976 2535 1081 2618 potius
1101 2539 1133 2600 et
1149 2537 1287 2601 Accaron

178 2638 313 2715 ciuitate,
345 2638 441 2703 iratus
473 2639 503 2702 in
535 2639 593 2704 hoc
620 2639 729 2704 beatus
756 2641 905 2725 propheta
931 2660 990 2705 non
1017 2661 1087 2706 eum
1111 2662 1287 2715 euasurum,
1305 2657 1329 2696 2⁰

178 2744 232 2808 sed
258 2744 437 2811 moriturum
464 2744 496 2808 in
524 2746 604 2809 lecto
629 2765 685 2810 suo
708 2746 781 2811 ilico
805 2746 908 2811 diuino
932 2748 1041 2829 spiritu
1064 2747 1287 2830 pronuntiauit.

700 2935 762 2989 XIV

222 3058 301 3124 Sunt
322 3058 537 3142 Troglodytae,
565 3061 618 3142 qui
643 3061 689 3125 ita
716 3061 858 3126 dicuntur
878 3062 908 3126 in
931 3063 1064 3141 Iudaeis
1089 3064 1194 3146 quiin
1219 3083 1287 3147 spc-

177 3164 279 3228 luncis
311 3163 485 3228 habitantes
513 3164 626 3229 abditis
653 3164 736 3229 idola
764 3168 862 3230 colere
889 3185 948 3230 non
972 3167 1161 3243 desinebant,
1186 3169 1221 3231 ut
1244 3168 1288 3232 ait

177 3268 354 3332 Hiezechiel
375 3266 533 3348 propheta,
556 3270 744 3332 monstrante
767 3269 890 3334 domino
909 3271 1062 3352 quomodo
1081 3271 1110 3334 in
1131 3273 1287 3353 speluncis
1305 3293 1329 3334 aa

179 3371 366 3437 absconditis
394 3372 527 3436 seniores
554 3373 660 3456 populi
687 3376 825 3438 tenentes
853 3376 996 3440 turabula
1022 3375 1112 3441 idolis
1137 3377 1287 3442 sacrifica·

178 3477 261 3556 bant,
286 3472 378 3559 atquc
400 3495 436 3542 ea
458 3478 556 3543 caecis
578 3478 733 3543 mentibus
757 3479 930 3545 adorabant.

707 3668 754 3720 XV

221 3789 292 3854 Alia
314 3793 361 3854 est
383 3790 497 3855 heresis
520 3791 551 3854 iu
574 3791 706 3869 Iudaeis,
731 3811 807 3873 quae
829 3792 987 3877 Reginam,
1012 3813 1102 3875 quarn
1127 3797 1157 3858 et
1178 3795 1288 3861 Fort-

265 4014 397 4083 arsag.
413 4015 556 4070 lV-V15
636 4015 869 4084 lsIVRegbc
943 4020 980 4074 24
997 4017 1174 4071 aneenvllc
1194 4020 1233 4072 11.
1254 4020 1289 4074 12

189 4153 388 4234 ¹4Musoritae
402 4153 551 4215 suhardus
592 4155 768 4224 dquoadam]
782 4155 851 4226 quod
899 4157 1067 4212 dammoniti
1114 4160 1146 4213 15
1159 4158 1287 4213 scribtum
