2858 4620
198 281 239 345 62
382 279 402 332 F
404 269 559 332 ILASTRH
575 277 805 332 nlvnnsnnvu
823 278 1012 334 Hunnsnou
1031 279 1138 334 LIBER

196 475 288 539 beato
311 473 472 555 propheta,
496 476 566 536 ante
590 490 682 553 quam
700 471 813 556 pagani
832 491 848 536 e
867 472 983 537 sanctis
1003 473 1165 557 scripturis
1185 474 1323 539 siderum

155 583 175 647 2
198 580 323 646 nomine
340 578 583 644 transtulissent.
607 576 693 642 Dicit
715 577 796 642 enim
819 579 886 662 ipse
909 579 979 644 Ioh:
1004 576 1078 657 Qui
1100 580 1200 645 iecit
1222 581 1324 646 Plia-

199 686 268 751 das
292 688 331 749 et
352 684 573 761 Arcturum,
596 683 707 766 inquit,
733 687 770 748 et
788 683 1008 767 Hesperum
1032 689 1073 750 et
1092 685 1322 752 thesaurum

199 791 354 877 {taustri
378 794 415 855 et
438 789 583 854 Oriona
605 779 643 854 et
664 789 903 856 Luciferum.
926 791 1011 857 Haec
1034 792 1139 876 itaque
1161 793 1324 858 nominee

159 975 162 982 ἴ
200 897 316 962 sanctis
350 895 513 978 scripturis
546 894 717 978 accipimus
745 896 886 960 nuntiata
912 916 987 962 una:
1019 898 1158 962 omnium
1186 898 1325 964 siderum
1355 916 1367 956 o

199 999 409 1090 nominainon
439 1001 516 1066 dixit
543 1001 704 1085 scriptura,
733 1003 789 1067 sed
816 1003 966 1084 potestati
994 1003 1043 1067 dei
1070 1005 1243 1069 reseruauit
1270 1025 1327 1087 per

199 1109 383 1192 prophetam
401 1109 559 1174 declarans
579 1112 611 1173 et
633 1108 737 1174 dicens
761 1109 820 1174 ita:
844 1107 917 1188 Qui
941 1115 1120 1176 numerat
1143 1112 1326 1177 multitu-

201 1216 330 1280 dinem
363 1215 584 1295 stellarum,
618 1218 656 1280 et
688 1216 869 1281 omnihus
898 1217 955 1282 eis
983 1217 1138 1282 nomina
1165 1238 1325 1286 uocans.

157 1323 177 1386 3
200 1326 287 1390 Haec
309 1323 416 1405 itaque
439 1340 538 1404 pauca
559 1323 684 1393 nomina
704 1322 845 1406 legentes
865 1342 881 1387 e
900 1324 1016 1389 sanctis
1036 1325 1197 1408 scripturis
1215 1328 1325 1408 poetae

201 1434 311 1515 postea
342 1428 473 1510 falsique
505 1427 618 1493 filosofi
649 1429 717 1493 ausi
744 1431 818 1493 sunt
845 1433 1030 1512 usurpantes
1059 1432 1125 1496 suis
1152 1431 1324 1498 mendaciis
1344 1457 1368 1498 ιο

203 1541 235 1603 et
257 1537 317 1602 alia
339 1534 472 1619 plurime
494 1534 637 1617 copulare
657 1536 749 1617 atque
769 1535 941 1618 impietatis
960 1536 1078 1601 semina
1097 1536 1326 1620 saeculoprae-

203 1644 315 1720 dicare,
347 1645 384 1706 ut
415 1661 450 1706 ex
481 1641 531 1706 his
564 1659 686 1723 sperare
717 1644 862 1723 putarent
894 1643 989 1706 etiem
1021 1643 1160 1708 omnium
1189 1643 1326 1709 siderum

203 1753 258 1814 aut
284 1748 489 1832 plurimorum
516 1747 641 1812 nomina
670 1766 762 1830 posse
794 1749 1049 1832 conprehendere,
1083 1768 1152 1814 cum
1186 1751 1325 1816 omnium

204 1854 340 1919 siderum
363 1854 486 1919 nomina
508 1873 568 1918 non
592 1854 669 1918 alter
692 1854 750 1920 nisi
774 1854 851 1919 deus
875 1854 1028 1933 chuntur,
1051 1875 1106 1938 per
1133 1874 1224 1937 quem
1250 1856 1327 1922 iecit

204 1963 290 2044 pater
316 1959 472 2037 uniuersa,
500 1959 640 2042 posuerit
666 1962 698 2024 et
725 1960 839 2039 scierit,
868 1963 960 2043 etque
984 1961 1029 2027 eis
1053 1962 1177 2047 singula
1200 1963 1326 2029 nomina
1344 1987 1368 2027 n

206 2066 375 2144 domuerit,
399 2068 436 2129 ut
458 2065 610 2148 scriptum
633 2069 690 2132 est.

605 2334 607 2337 ’
702 2329 830 2392 LXXH

130 2495 189 2551 clv
251 2490 321 2555 Alia
353 2491 401 2552 est
431 2487 550 2551 heresis
582 2506 660 2569 quae
692 2487 729 2551 de
755 2487 862 2571 lingua
889 2489 921 2552 et
945 2487 1062 2571 linguis
1091 2486 1232 2571 ambigit,
1255 2505 1327 2559 eum

209 2596 360 2678 scriptura
383 2593 466 2658 dicat
489 2596 519 2656 et
542 2612 634 2656 unam
655 2592 795 2678 linguam
818 2595 850 2658 et
870 2592 1003 2676 linguas.
1029 2592 1062 2658 Si
1086 2612 1158 2677 ergo
1183 2595 1249 2657 erat
1266 2613 1329 2658 uuo

209 2704 289 2780 ante,
313 2700 386 2782 quia
407 2699 499 2781 pauci
522 2702 618 2777 erant,
642 2697 709 2763 siue
731 2702 841 2781 postea
863 2699 990 2777 multae,
1014 2700 1086 2782 quia
1108 2699 1200 2763 multi
1224 2717 1327 2763 creue-
1346 2721 1368 2761 eo

208 2811 278 2873 rant
307 2807 368 2890 iam
398 2806 461 2869 nati
488 2805 627 2870 homines
654 2805 686 2869 in
714 2807 849 2876 saeculo.
877 2824 936 2870 non
966 2809 1014 2869 est
1037 2797 1112 2869 adeo
1135 2805 1245 2870 inutile
1268 2805 1328 2870 hoc

167 2903 254 2978 2ita
290 2912 414 2977 sentire.
450 2912 528 2976 Post
563 2911 702 2994 quintam
733 2912 883 2976 decimam
909 2894 996 2975 ¹enim
1028 2911 1257 2994 generationem
1290 2911 1328 2975 ab

210 3020 309 3084 Adam
340 3038 440 3100 usque
472 3018 509 3082 ad
543 3022 684 3083 sanctum
716 3017 820 3084 Heben·
855 3017 916 3083 duo
949 3017 1035 3081 milia
1071 3019 1103 3081 et
1139 3017 1327 3100 septingent'

211 3126 280 3190 aoni
312 3127 393 3199 sunt,
426 3125 483 3190 sub
516 3144 576 3207 quo
609 3123 748 3188 confusio
780 3123 876 3188 missa
908 3125 956 3187 est
986 3122 1173 3206 linguarum,
1205 3124 1330 3204 propter

297 3382 659 3442 210b1x9xxxv11132
712 3380 994 3439 ursamcxnvlc
1049 3383 1083 3438 16
1100 3381 1118 3438 l.
1133 3399 1153 3435 s.
1209 3384 1244 3438 ts
1262 3381 1328 3438 Gen.

212 3471 571 3529 xrlxs.20.31xlr
1104 3476 1106 3480 '

249 3630 381 3700 lpagaui
400 3630 454 3683 eB
472 3628 625 3699 paganisA
695 3627 791 3698 sydera
804 3629 831 3681 A
883 3628 1133 3686 AtranstulissetA
1203 3626 1328 3697 pliades:

214 3721 240 3773 A
258 3719 347 3789 piiada
365 3719 391 3772 Β
443 3717 656 3776 sittianorum
725 3717 858 3786 inquidB
910 3718 1042 3787 causta]
1061 3721 1152 3771 eustru
1222 3716 1331 3769 nomina

215 3807 412 3877 e],Sicharduo
429 3807 535 3860 nomine
553 3805 580 3858 Β
597 3805 704 3859 nomina
721 3807 748 3859 A
816 3811 905 3864 tunc
923 3806 948 3859 A
967 3822 1028 3861 nam
1046 3806 1073 3859 Β
1160 3804 1286 3859 siderium
1304 3804 1331 3857 Β

215 3897 384 3964 dpotestate
401 3893 466 3947 AB¹
539 3896 573 3962 10
590 3897 685 3964 postea
701 3909 744 3948 om
761 3896 788 3948 A
870 3894 983 3963 falsique
1001 3892 1154 3963 philosophi
1172 3893 1199 3946 Β
1216 3892 1330 3961 falsique

215 3983 441 4053 taisiquofllosofi
458 3981 485 4035 A
556 3983 591 4038 13
607 3982 835 4052 posse—siderum
854 3982 961 4036 nomina
978 3998 1021 4035 om
1038 3982 1065 4034 A
1133 3982 1168 4037 18
1185 3981 1287 4053 heresis
1304 3981 1331 4034 Β

252 4072 370 4142 ambiget
387 4073 414 4125 B
497 4087 555 4125 cum
570 4087 615 4126 >om
634 4070 661 4125 A
730 4074 764 4128 22
782 4072 876 4140 quinta
895 4071 1022 4125 decimam
1039 4071 1066 4123 A
1084 4069 1146 4124 ·XV·
1165 4086 1186 4123 s.
1205 4085 1225 4125 a.
1244 4079 1288 4122 ma
1304 4069 1332 4121 Β

252 4160 321 4213 enim
340 4159 366 4216 Β
384 4170 417 4213 eu
435 4157 475 4212 A²
492 4175 534 4212 om
552 4146 602 4211 As
675 4161 710 4215 23
736 4159 787 4213 duo
811 4159 884 4213 milia
903 4158 924 4213 dr
942 4157 1106 4228 septingenti
1122 4159 1149 4211 A
1173 4145 1287 4211 TP'DCC
1308 4139 1333 4209 n
