2858 4620
152 303 196 367 VI
575 301 864 371 Prolegomena.

152 497 216 562 ista
246 495 343 560 fuerit
374 495 512 578 sepulcri
540 495 680 560 Filastrii
707 495 887 579 inscriptio:
917 515 1010 579 quem
1033 497 1064 561 in
1088 516 1147 562 sua
1169 499 1245 562 urbe
1269 517 1286 562 a

154 621 248 688 grege
280 621 338 667 suo
370 602 431 666 hoc
462 601 562 666 fuisse
589 601 783 666 nominatum
811 601 935 667 nomine
964 603 1068 668 omnia
1094 603 1171 667 haee
1198 604 1286 669 testi·

153 709 258 774 monia
289 711 394 792 aperte
421 712 579 773 testantur
606 709 751 791 diemque
778 710 869 774 illum
898 708 1004 774 obitus
1033 710 1183 794 episcopi,
1206 730 1287 777 acer-

152 815 225 879 rimi
247 815 461 900 parentalibus
486 815 652 898 quotannis
675 816 768 880 factis
791 816 926 898 posteris
945 820 1028 881 reete
1047 817 1198 888 traditum
1218 836 1287 882 esse

154 920 321 986 admodum
346 924 394 986 est
416 921 586 1003 probabile.
610 921 699 986 Idem
718 921 786 986 dies
804 921 868 986 iam
886 926 1078 987 memoratur
1095 923 1126 986 in
1146 942 1288 988 sermone

9 1030 126 1125 {mg}
155 1025 325 1092 Gaudentii
353 1029 408 1111 qui
430 1029 529 1093 fertur
551 1028 627 1092 XXI
650 1025 693 1113 (p.
718 1029 783 1092 374
807 1026 835 1093 G
857 1047 888 1110 p.
914 1031 999 1092 1002
1023 1029 1080 1111 Μ),
1105 1029 1213 1111 quiin
1238 1048 1288 1094 eo·

7 1137 145 1233 “mitt“
155 1133 225 1199 dem
247 1134 303 1200 illo
328 1135 435 1200 codiee
453 1134 609 1200 Bririensi
628 1133 671 1218 (p.
694 1133 906 1221 ner-153⁰)
924 1135 1058 1199 traditus
1083 1139 1133 1200 est
1156 1135 1207 1199 oui
1225 1155 1288 1200 ser·

153 1241 240 1306 moni
261 1241 442 1305 inscribitur
464 1241 501 1304 de
523 1242 593 1304 uite
615 1245 645 1305 et
666 1241 749 1305 obitu
772 1239 853 1304 beuti
874 1240 1026 1304 Fidustrii
1048 1242 1181 1322 episcopi
1192 1261 1288 1322 prue-

154 1347 319 1412 decessoris
340 1348 400 1411 sui.
439 1345 539 1425 Quem
567 1366 742 1412 sermonem
764 1365 855 1411 nemo
879 1367 939 1412 non
963 1347 1197 1413 studiosissime
1220 1367 1288 1430 per·

154 1452 346 1518 scrutabitur
376 1453 517 1518 Filastrii
544 1454 723 1519 studiosus:
757 1456 790 1518 at
821 1472 1018 1537 summopere
1051 1474 1105 1536 spe
1136 1454 1287 1537 deeeptus

153 1559 269 1623 librum
292 1578 362 1623 mor
385 1560 510 1624 abiciet.
544 1559 648 1640 Quid?
679 1561 789 1643 Neque
813 1560 851 1624 de
875 1561 976 1643 patria
998 1580 1099 1643 neque
1123 1561 1161 1626 de
1185 1564 1287 1626 aetate

154 1684 255 1746 neque
285 1666 323 1729 de
345 1667 526 1748 parentibus
550 1686 651 1749 neque
675 1663 712 1730 de
737 1666 805 1730 uita
826 1665 966 1731 Filastrii
990 1667 1157 1749 quiequam
1179 1668 1288 1732 resciit

154 1770 352 1836 Gaudentius
381 1776 566 1837 successor?
603 1771 713 1854 Neque
741 1772 824 1836 enim
848 1773 1014 1855 quicquam
1037 1773 1113 1837 noui
1135 1775 1190 1836 aut
1212 1774 1286 1838 boni

153 1876 256 1941 inesse
289 1881 417 1961 apparet
447 1878 479 1942 in
511 1879 571 1943 hoo
604 1897 756 1957 sermone,
784 1879 844 1943 nisi
873 1879 956 1961 quod
982 1878 1056 1942 XIV
1084 1897 1180 1943 annos
1213 1881 1292 1961 post-

155 1983 276 2048 ohitum
304 1984 443 2048 Filastrii
470 1985 614 2048 habitum
642 2003 711 2072 esse
739 2003 810 2048 eum
838 1985 926 2049 finxit
956 1988 1064 2049 auctor
1095 1985 1138 2068 (p.
1163 1985 1227 2048 374
1258 1983 1285 2049 G

157 2089 241 2152 1002
264 2088 327 2174 M):
359 2108 397 2153 ne
429 2089 462 2153 id
495 2089 621 2170 quidem
649 2090 753 2154 uoluit
780 2087 916 2154 indicare
943 2090 1023 2153 nihil
1050 2089 1111 2154 sibi
1133 2089 1286 2153 traditum

37 2186 39 2191 ’
155 2213 224 2258 esse
258 2198 290 2259 et
322 2199 515 2278 compertum
545 2195 582 2260 de
611 2198 712 2260 aetate
735 2197 837 2279 patria
859 2195 927 2261 uita
948 2195 1098 2261 Filastrii.
1138 2193 1225 2273 Quae
1249 2195 1286 2259 de

154 2301 222 2365 uita
245 2303 312 2366 eius
335 2301 503 2367 memoriae
526 2302 623 2366 tradit
644 2303 676 2366 in
701 2322 853 2382 sermone,
878 2322 914 2368 ea
937 2303 1040 2369 omnia
1063 2302 1189 2367 aliunde
1211 2304 1287 2368 nota

155 2411 243 2472 sunt:
267 2408 369 2473 ueluti
392 2408 476 2491 quod
498 2407 583 2472 ‘XV
599 2408 674 2474 Kut.
698 2410 780 2491 Auq.
806 2411 891 2474 scuit
911 2408 1073 2473 terniueru’
1100 2409 1143 2493 (p.
1167 2410 1231 2472 374
1259 2407 1286 2473 G

154 2534 185 2597 p.
211 2516 295 2578 1002
318 2515 376 2597 Μ),
405 2515 489 2597 quod
516 2515 699 2596 ‘sepulcrum
725 2515 792 2579 eius
818 2519 862 2580 est
888 2515 975 2595 opud
999 2517 1066 2580 ues‘
1095 2513 1139 2601 (p.
1164 2516 1226 2580 371
1258 2515 1286 2580 G

154 2642 185 2705 p.
210 2621 273 2685 998
296 2619 356 2707 Μ),
379 2621 411 2685 in
434 2622 503 2686 loeo
528 2620 661 2702 denique
683 2621 840 2686 uberrimo
866 2621 1017 2686 sermonis
1040 2621 1134 2686 istius
1159 2621 1196 2685 de
1219 2621 1287 2685 uita

155 2726 296 2792 Filastrii
325 2727 497 2813 Augustini
527 2727 694 2791 uerborum
725 2727 853 2792 illorum
886 2727 1000 2809 quibus
1037 2727 1138 2792 exorsi
1174 2745 1285 2792 sumus

155 2832 300 2919 frigidam
320 2836 352 2901 et
368 2833 515 2898 friuolam
533 2830 823 2917 interpretationem
841 2833 945 2898 inesse
963 2832 1056 2897 facile
1074 2834 1286 2918 intellegitur:

157 2939 221 3003 ‘scd
242 2938 413 3017 circuieus‘,
436 2939 539 3022 inquit
563 2941 605 3024 (p.
626 2942 689 3004 372
715 2939 743 3006 G
765 2961 795 3023 p.
821 2940 884 3004 999
910 2937 959 3025 M)
982 2939 1173 3002 ‘uuiuersure
1183 2959 1287 3019 peeue

156 3044 304 3110 ambitum
327 3043 465 3110 Romuui
490 3045 573 3110 erbis
599 3046 787 3110 domiuicuue
806 3045 1007 3127 praedicauit
1031 3044 1167 3120 uerbum,
1191 3045 1290 3109 Pauli

156 3150 289 3233 apostoli
310 3151 437 3216 ideucus
458 3151 598 3215 imitator
619 3153 760 3216 earisteus.
798 3149 911 3216 Suucte
939 3151 1021 3214 euim
1042 3152 1156 3232 spiritu
1171 3151 1287 3231 pierius

156 3277 218 3321 ueu
244 3257 343 3321 sotuue
370 3261 477 3321 ceutre
501 3257 628 3339 qeutiks
654 3265 746 3343 atque
768 3257 911 3333 Iudaees,
934 3278 1043 3321 ueruru
1065 3257 1158 3321 etiem
1180 3263 1288 3322 eoutre

156 3365 281 3430 hereses
310 3382 417 3428 omnes
445 3369 474 3428 71
493 3365 633 3436 ‚marimo
659 3368 766 3428 ceutre
786 3363 940 3444 sureutere
962 3383 995 3427 eo
1018 3369 1151 3443 tempore
1172 3364 1288 3430 Arriu-

155 3491 231 3534 uuue
247 3470 417 3552 perfidiam
440 3470 526 3535 toute
547 3470 623 3552 fidei
643 3472 749 3552 uiqere
760 3471 927 3559 qouqueuit,
946 3473 981 3533 ut
998 3471 1093 3534 etieue
1110 3469 1288 3537 uerberibus

155 3577 335 3642 subderetur
352 3583 381 3641 71
397 3577 432 3640 iu
450 3597 575 3658 corpore
592 3597 648 3642 sue
665 3577 812 3660 1117777717
829 3576 949 3641 domiui
965 3577 1067 3640 uestri
1078 3576 1151 3640 Iesu
1168 3574 1292 3641 Christi

150 3678 303 3765 perteret.
340 3682 425 3747 Neue
455 3687 484 3748 et
513 3683 549 3746 iu
577 3681 808 3748 Medieleueusi
832 3682 905 3746 urbe
932 3682 1060 3747 ideucus
1086 3681 1158 3747 eliue
1188 3687 1292 3748 custos

157 3791 305 3861 demiui'ei
328 3789 430 3872 qreqis
455 3789 529 3870 fuit,
551 3790 690 3854 Arrieue
716 3809 894 3870 repueuuus
920 3789 1077 3853 Auueutio
1097 3794 1292 3873 priusquam

157 3896 263 3960 beatus
284 3896 445 3978 etiyeretur
466 3895 658 3961 Ambrosius.
683 3894 802 3960 Romae
824 3895 917 3960 etieru
939 3916 1001 3959 uou
1023 3896 1131 3977 edique
1153 3900 1292 3975 ternpore

127 3992 129 3998 ’
156 4006 306 4082 7777771777,
329 4001 439 4066 multos
461 4005 489 4066 71
505 4000 633 4083 publicu
655 4006 684 4066 et
701 4003 834 4083 priuato
856 4001 1065 4082 disputatione
1087 3999 1225 4065 lucratus
1253 4003 1292 4066 iu

150 4105 217 4189 fide
244 4111 298 4173 est.
337 4105 400 4171 seu
424 4129 520 4193 ireque
535 4128 597 4189 per
622 4103 1293 4192 717777177717117(Μ717.716)7117ι77-

157 4233 264 4278 surum
288 4213 482 4293 praeterires
507 4215 667 4296 reqionum
691 4213 877 4295 praedicere
902 4213 1029 4278 uerturu
1060 4210 1111 4276 dei
1138 4232 1293 4298 umquem
