2858 4620
194 263 235 343 58
373 260 548 315 FILASTRII
566 258 798 314 bwhnsnlrvnr
815 259 1006 315 HERESEON
1023 260 1131 315 LIBER

194 457 327 522 animam
359 457 444 521 Adae
479 455 560 536 patri
592 458 698 520 nostro
732 456 805 520 data
837 457 886 520 est
915 454 1088 538 inspiratio,
1121 475 1180 521 nou
1212 453 1314 520 anima

193 563 343 646 inspirata
368 562 400 625 in
428 580 499 625 sum
531 561 582 639 sit,
616 561 752 626 ostendit
783 561 927 626 dominus
957 561 988 625 iu
1021 561 1193 646 euangelio.
1226 559 1316 626 Sicut

194 672 264 734 ante
300 669 380 733 enirn·
416 669 448 732 iu
479 666 578 734 Adam
609 667 823 750 iuspiraumat,
855 667 923 751 ipse
955 671 987 732 et
1017 670 1126 749 postea
1163 666 1315 750 apostolis

193 775 379 841 habentibus
403 775 536 838 animam
558 775 632 858 post
653 774 910 839 resurrectionem
933 773 1033 838 diuini
1061 773 1189 855 spiritus
1219 767 1317 839 maio·

193 900 258 947 rem
286 880 417 965 gratiam
446 879 621 962 inspirauit
644 879 765 945 dicens:
796 879 980 962 Accipite
1013 880 1200 964 spiritum
1232 899 1314 945 san·
1347 898 1398 938 s·

195 988 299 1051 ctum
323 989 354 1050 et
377 989 489 1050 cetera.
511 986 552 1050 Et
576 1004 635 1049 non
662 985 739 1049 dixit
762 985 897 1050 animam
922 985 1063 1068 accipite,
1091 985 1146 1051 sed
1170 984 1316 1068 spiritum

151 1095 347 1158 assuetum.
379 1091 440 1172 Qui
471 1110 543 1177 ergo
575 1091 741 1174 inspirarit
771 1092 853 1156 iacto
884 1091 1003 1157 homini
1029 1090 1155 1156 habenti
1181 1090 1317 1156 animam

193 1198 288 1276 Adae,
316 1199 384 1282 ipse
416 1200 448 1264 et
478 1201 589 1280 postea
619 1198 784 1281 inspirabit
814 1198 915 1263 beatis
947 1198 1097 1281 apostolis
1129 1196 1317 1261 habentibus

195 1304 336 1378 animam,
359 1306 397 1367 ut
419 1307 624 1388 cognoscatur
646 1304 729 1387 quod
753 1324 807 1388 per
829 1305 933 1388 ipsum
956 1307 1067 1369 cuncta
1089 1304 1171 1368 facta
1194 1302 1259 1367 sint
1285 1305 1318 1366 et

151 1413 170 1476 4
195 1411 259 1475 sine
282 1410 351 1492 ipso
375 1409 453 1474 nihil
476 1410 594 1474 factum
618 1409 669 1474 sit.
691 1409 820 1474 Nullius
842 1410 972 1485 rationis
991 1412 1041 1474 est
1057 1409 1163 1492 itaque
1181 1411 1219 1472 ut
1236 1407 1318 1472 uelit
1337 1429 1389 1472 ιο

195 1517 264 1599 quis
288 1516 451 1580 aestimare
473 1514 708 1598 inspirationem
733 1533 801 1580 csse
825 1514 969 1590 animam,
993 1533 1064 1579 oum
1081 1514 1164 1580 facta
1182 1512 1316 1600 cognost

195 1623 275 1688 citur
298 1621 409 1700 anima,
433 1639 512 1702 quae
535 1621 593 1685 sub
616 1620 696 1705 logis
720 1619 898 1686 condicione
921 1620 1024 1703 posita
1044 1620 1160 1686 iudicio
1188 1619 1320 1688 obnoxie
1343 1688 1346 1693 .

194 1727 377 1811 repperitur,
397 1727 435 1791 de
459 1745 520 1808 qua
544 1727 600 1790 uit:
623 1725 762 1791 Nolite
784 1725 925 1790 timere
949 1743 1014 1790 eos
1038 1726 1103 1807 qui
1126 1724 1319 1790 occidunt

197 1853 352 1917 corpus
383 1833 551 1899 animam
579 1835 708 1896 autem
736 1850 808 1896 non
835 1833 1007 1912 possunt
1030 1830 1223 1906 occidere,
1248 1828 1319 1896 sod

195 1940 295 2004 hunc
318 1939 471 2014 timete,
496 1937 723 2021 quipotest
741 1937 905 2002 animam
925 1938 963 2000 et
981 1935 1319 2018 corpustperdcre
1337 1955 1378 1998 ιο

153 2049 171 2110 5
195 2045 232 2108 in
265 2045 490 2128 gehennam.
522 2042 688 2125 Inspiratio
715 2043 821 2125 itaque
849 2061 910 2107 non
934 2047 983 2106 est
1004 2041 1115 2115 anima,
1139 2041 1195 2107 sed
1217 2041 1320 2126 grstia

196 2149 369 2235 dignitatis,
392 2149 430 2214 de
450 2148 556 2214 diuino
576 2148 689 2230 spiritu
707 2167 725 2212 a
743 2148 799 2213 deo
820 2147 942 2214 Christo
960 2148 1142 2230 perueniens
1162 2146 1318 2226 omnibus,

197 2275 288 2340 quarn
312 2256 462 2320 habentes
490 2257 521 2320 et
548 2254 760 2319 custodientes
789 2254 995 2318 adiectionem
1022 2254 1179 2335 accipiunt
1205 2252 1319 2337 gratia·

155 2367 173 2430 6
196 2382 274 2440 rum,
298 2365 335 2426 ut
357 2361 491 2443 apostoli
515 2365 546 2424 et
568 2361 734 2443 prophetae
762 2363 793 2424 ct
820 2378 926 2424 omnes
954 2359 1039 2423 iusti.
1069 2358 1184 2423 Iniusti
1211 2361 1319 2423 autem

197 2468 397 2552 neglegentes
421 2485 456 2531 ao
480 2467 711 2531 contemnentes
735 2465 882 2530 amittunt
903 2467 1025 2529 tantum
1047 2465 1193 2529 meritum
1218 2464 1319 2548 oigui-
1336 2487 1371 2530 so

197 2573 282 2651 tatis,
305 2576 343 2636 ut
365 2571 440 2637 Saul
467 2571 532 2649 ille,
561 2570 597 2634 de
626 2589 686 2652 quo
719 2570 838 2635 dictum
871 2573 933 2634 est:
969 2570 1159 2635 Recessit
1194 2570 1237 2634 ab
1274 2590 1318 2637 eo

198 2678 371 2761 spiritus
403 2675 563 2754 domini,
596 2680 634 2739 et
665 2674 873 2739 inmundus
909 2675 1081 2757 spiritus
1114 2673 1320 2758 fatigabat

198 2802 292 2850 sum.
328 2782 369 2847 Et
405 2782 488 2865 quod
525 2781 562 2846 in
598 2780 811 2865 malignam
843 2780 1009 2844 animam
1041 2799 1114 2845 non
1145 2779 1320 2846 intrabit

199 2888 371 2972 spiritus
395 2886 621 2970 sapientiae
645 2887 799 2969 scriptura
820 2889 965 2952 testatur.

708 3147 808 3212 LXXI
1334 3175 1357 3216 ,ι

99 3322 184 3379 xc1x
243 3307 315 3372 Alia
341 3309 390 3372 est
415 3305 534 3376 heresis
563 3323 641 3387 quae
670 3304 747 3369 dicit
768 3303 902 3369 hominis
925 3302 1060 3368 animam
1082 3323 1141 3369 non
1163 3305 1319 3371 lactama

200 3412 257 3477 deo
279 3412 324 3477 ita
346 3411 494 3495 appellari
520 3411 665 3489 animam,
693 3409 749 3485 sed
776 3411 856 3488 ante,
883 3409 993 3491 inquit,
1020 3409 1199 3475 intellectus
1225 3428 1318 3476 uoca-

285 3634 661 3694 2Gen.11710h.xxta
724 3634 900 3689 1010h.13
955 3633 1198 3689 tantamnxus
1250 3633 1318 3689 211

199 3725 264 3795 Reg.
283 3725 344 3778 XVI
364 3724 397 3778 14
449 3723 629 3792 escaprc

235 3874 359 3930 lanima
376 3873 403 3927 A
454 3877 557 3930 caure
575 3872 685 3942 spiritus
703 3888 734 3940 sp
752 3887 859 3926 erasum
876 3872 907 3924 ιἰι
925 3870 951 3924 Α
1003 3869 1134 3940 ὄΔοοίριι
1150 3868 1186 3922 A*
1240 3873 1318 3925 bac-

200 3963 258 4031 cipe
276 3961 302 4015 A
355 3961 497 4016 ihomine
515 3961 553 4013 B¹
606 3958 712 4029 bquod
730 3976 777 4029 per
794 3959 821 4012 B
838 3963 871 4012 ut
888 3975 935 4028 per
952 3959 979 4011 A
1035 3959 1072 4014 10
1089 3956 1320 4040 iactumnihilB

202 4049 234 4137 ¹.¹
255 4049 429 4119 inspiratione
448 4050 474 4102 A
562 4048 597 4103 15
614 4049 684 4102 hauc
702 4049 740 4102 ΔΙ
830 4049 864 4104 18
882 4048 971 4117 grstia
987 4047 1026 4099 A¹
1106 4047 1140 4102 22
1157 4063 1202 4116 sps
1220 4061 1264 4100 om
1280 4042 1319 4097 Αί

199 4140 233 4195 27
250 4137 346 4208 inquid
363 4137 389 4190 B
