2866 4614
176 271 237 335 104
354 265 529 321 FILASTRII
548 264 778 319 DIVERSARVM
796 262 984 319 Huuusllon
1002 263 1110 318 LIBER-

175 462 397 542 conparatus
422 461 478 524 est
499 457 705 542 pecudibus
728 456 942 522 insensatis.
968 457 1113 522 Salomon
1132 456 1239 540 itaque
1264 462 1296 523 et

175 568 327 631 carnalem
349 563 447 629 uitam
470 563 630 629 bominum
654 573 671 627 a
694 562 750 628 deo
774 580 951 631 concessam
974 562 1006 630 in
1033 562 1143 628 multis
1171 562 1292 628 diuitiis

174 671 340 749 nuntiauit,
368 673 400 735 et
425 670 561 735 suturam
589 670 768 753 angelorum
796 667 927 753 gloriam
949 668 1151 734 nihilominus
1174 669 1205 732 in
1229 672 1294 734 stu·

175 777 271 844 diosis
294 777 395 841 inesse
417 775 524 859 paucis
548 774 793 839 desiderantibus
817 775 848 839 et
870 774 1065 840 credentibus
1091 774 1292 856 praedicauit.

132 882 151 941 5
176 882 209 951 Si
232 882 312 948 enim
336 885 367 946 et
389 881 476 946 diues
498 881 530 971 in
553 880 612 946 boe
635 881 759 946 saeculo
781 881 859 944 bene
883 884 1026 963 operatus
1044 880 1148 959 fuerit,
1168 899 1295 947 necesse
1328 896 1341 936 ⁶

175 992 224 1055 est
249 990 286 1053 ut
313 991 344 1052 et
370 987 436 1052 illie
466 987 587 1051 futurae
620 985 703 1050 uitae
735 986 924 1052 consortium
956 988 1172 1068 consequatur.
1204 983 1296 1052 Sicut

176 1094 257 1160 enim
281 1094 410 1158 ethaeo
432 1091 587 1157 terrestris
612 1109 683 1157 esea
704 1109 722 1156 a
745 1090 802 1156 deo
826 1091 898 1156 data
919 1094 978 1164 est,
1000 1091 1045 1156 ita
1067 1096 1099 1157 et
1120 1092 1176 1157 illa
1197 1092 1296 1157 caele-

176 1200 233 1265 stis
257 1216 328 1264 esea
351 1199 387 1263 de
409 1198 479 1282 lege
503 1197 703 1262 desideranda
720 1199 770 1289 ost
787 1197 931 1279 amplius,
949 1197 1027 1262 fides
1045 1198 1159 1281 quippe
1178 1196 1297 1262 Christi

176 1304 292 1383 domini
324 1305 360 1369 de
391 1305 460 1388 lege
489 1308 520 1368 et
545 1304 719 1386 prophetis
734 1303 901 1370 adueniens
929 1303 1125 1388 cupientibus
1147 1303 1296 1387 gloriosa,

177 1428 268 1495 quarn
303 1409 404 1494 magis
435 1410 533 1474 Maria
564 1428 655 1493 quam
688 1409 810 1474 Martha
841 1411 986 1495 elegerat,
1018 1409 1138 1474 dicente
1169 1409 1297 1474 domino
1313 1428 1340 1466 ιο

177 1516 323 1581 maiorem
350 1518 465 1580 sortem
487 1515 618 1580 Mariam
646 1515 790 1599 elegisse,
819 1535 898 1600 quae
924 1534 984 1583 non
1008 1514 1163 1580 auferetur
1185 1515 1223 1580 ab
1249 1533 1297 1580 ea.

134 1624 153 1685 6
178 1623 259 1707 llrgo
284 1621 419 1687 sidirit:
443 1620 611 1687 Vanitas
634 1621 832 1687 uanitatis
856 1625 926 1699 est,
950 1621 1107 1704 quaein
1131 1620 1296 1687 saeculo

177 1730 278 1805 suut,
310 1726 386 1790 haee
417 1726 525 1808 utique
556 1727 747 1791 transeuntia
777 1727 976 1809 praedicauit,
1007 1728 1132 1809 propter
1156 1726 1296 1791 futuram

175 1833 263 1898 illam
293 1832 422 1916 gloriam
454 1831 638 1897 eminentem
670 1851 706 1897 ao
741 1837 932 1916 perpetuam,
968 1837 1004 1898 ut
1035 1833 1083 1900 ait
1118 1832 1297 1915 apostolus:

176 1936 338 2003 Transit
374 1937 474 2002 enim
509 1937 642 2021 figura
678 1937 797 2003 huius
832 1938 964 2003 mundi
1001 1943 1040 2003 et
1080 1938 1219 2023 gloria.
1262 1935 1296 2003 Si
1317 1955 1340 1994 1⁵

178 2045 280 2110 autem
303 2042 403 2126 figura
426 2046 457 2107 et
479 2044 544 2108 uita
566 2047 597 2106 et
619 2043 716 2108 honor
739 2047 769 2108 et
793 2043 927 2127 dignitas
948 2043 1057 2108 mnndi
1078 2034 1172 2109 istius
1195 2061 1297 2108 cessa-

177 2151 256 2215 bunt
283 2150 315 2212 et
340 2147 547 2227 destruentur,
573 2149 628 2213 ille
656 2149 769 2232 quippe
792 2149 851 2214 erit
874 2148 1074 2215 desideranda
1096 2149 1241 2215 caelestis
1265 2153 1298 2214 et

136 2256 152 2318 7
177 2254 316 2339 angelica
343 2253 486 2338 dignitas,
514 2273 593 2337 quae
618 2254 949 2338 incorporatiilonelae
975 2255 1119 2339 passione
1143 2257 1175 2320 et
1195 2273 1297 2320 resur·

176 2361 312 2426 rectione
339 2359 452 2443 quippe
480 2364 528 2425 est
556 2360 672 2426 Christi
700 2360 894 2427 credentibus
922 2361 1101 2441 aduentum,
1129 2380 1208 2445 quae
1236 2380 1297 2427 non

177 2465 367 2548 temporalis,
399 2465 528 2532 earnalis
555 2484 591 2531 ao
619 2465 735 2533 caduca
762 2466 829 2546 erit,
856 2471 892 2533 ut
920 2465 1102 2532 ludaeorum
1125 2466 1298 2533 seeundum
1315 2482 1341 2522 so

176 2572 323 2650 litteram,
353 2573 384 2635 et
410 2571 541 2636 aliorum
567 2572 679 2638 talium
693 2571 910 2655 pereuntium,
937 2572 969 2637 in
995 2574 1154 2655 postemm
1191 2576 1297 2638 autem

137 2677 155 2740 8
179 2676 256 2742 nihil
279 2676 513 2759 expectantium.
536 2677 667 2760 Propter
688 2678 771 2760 quod
794 2678 869 2744 dicit
887 2678 1044 2749 dominus:
1069 2677 1298 2762 Operamini

180 2801 318 2860 eseam,
351 2801 447 2863 quae
479 2803 550 2848 non
581 2782 697 2866 perit,
728 2767 767 2847 id
799 2787 860 2850 est
890 2788 932 2850 ut
964 2784 1136 2851 credatis
1164 2783 1201 2849 in
1229 2802 1297 2861 me,

180 2907 291 2971 quern
314 2887 426 2952 misit
447 2891 557 2970 pater·
579 2907 697 2955 meus.
728 2889 809 2974 Ergo
832 2909 892 2956 non
916 2889 1062 2956 Solomon
1085 2890 1121 2954 de
1144 2890 1203 2955 hae
1226 2908 1299 2955 esea

181 2995 284 3059 solum
315 2993 427 3058 carnali
459 2993 590 3071 dicebat,
628 2995 665 3059 de
700 2995 755 3060 illa
791 2998 894 3061 autem
930 2995 1206 3080 praetermittebat,
1243 2995 1298 3061 sed
1311 3009 1341 3052 ἐὑ

180 3099 335 3166 diuersam
366 3118 469 3166 eseam
501 3100 692 3185 gloriamque
724 3105 899 3168 sanctornm
930 3103 1090 3168 homiuum
1125 3102 1299 3179 nuntiabat,

181 3204 332 3270 carnalem
354 3205 467 3287 quippe
490 3205 618 3288 primam
643 3207 726 3270 uitae
748 3207 907 3273 hominum
930 3207 961 3271 in
984 3207 1138 3290 praesenti
1161 3209 1299 3284 saeculo,

180 3312 313 3392 postque
348 3311 479 3373 mortem
516 3308 681 3375 caelestem
717 3310 802 3375 illam
839 3314 870 3375 et
905 3312 1073 3395 angelicam
1114 3311 1300 3396 dignitatem

138 3417 157 3478 9
179 3414 273 3480 iustis
295 3416 327 3478 et
347 3413 491 3479 fidelibus
510 3415 722 3481 aduenturam.
744 3417 894 3499 Haneque
913 3418 1064 3481 carnalem
1082 3418 1172 3483 uelut
1186 3436 1299 3483 uanam

268 3603 305 3657 10
325 3601 481 3657 Luexau
553 3603 588 3659 12
610 3603 775 3659 Ecclesia
848 3607 880 3662 lo
901 3603 992 3660 Iuor.
1012 3605 1062 3659 Vll
1081 3606 1113 3660 31
1184 3606 1318 3673 22101]ΙΙ

181 3689 219 3743 Vl
237 3689 280 3743 27.
298 3690 332 3743 29

217 3793 364 3864 lpecorib3
383 3794 410 3847 A
479 3794 668 3864 insipientibus
686 3795 713 3848 B
782 3795 901 3851 salomon
919 3796 946 3849 B
1002 3798 1064 3855 din
1081 3814 1124 3853 eur
1142 3799 1168 3852 A
1225 3799 1297 3857 dei·

183 3897 259 3936 nesse
277 3882 304 3935 A
365 3882 497 3953 8quippe
516 3899 558 3938 eru
574 3883 601 3936 A
660 3883 838 3940 dadandiens
856 3885 884 3937 Β
937 3886 974 3942 10
990 3887 1115 3940 martaA
1168 3888 1204 3943 1t
1225 3887 1299 3942 aufer

182 3969 214 4022 in
226 3968 285 4038 flue
301 3983 395 4023 omaus
410 3969 448 4022 A¹
467 3973 512 4024 tur
530 3971 588 4024 add
604 3969 644 4025 A²
739 3973 774 4030 13
800 3971 1009 4042 praedicabitA
1104 3974 1138 4029 18
1165 3975 1297 4045 angeliA

181 4054 313 4113 20iudea
332 4066 394 4110 eoru
413 4057 439 4109 A
504 4060 539 4114 22
556 4075 615 4113 esea
632 4061 659 4113 A
723 4061 835 4131 241230
854 4060 881 4114 Β
956 4062 1074 4117 salomon
1092 4061 1119 4114 B
1188 4063 1296 4117 baeeA

182 4145 216 4200 27
235 4144 383 4197 carneuna
433 4145 468 4200 28
486 4149 514 4199 et
531 4146 711 4216 euangelicam
730 4150 756 4201 A
810 4147 844 4203 29
861 4147 940 4201 uelud
959 4151 985 4202 A
