2858 4620
248 270 289 335 68
433 266 610 322 amanen
626 266 858 322 DIVERSARVM
875 266 1066 323 nahasson
1084 267 1192 323 LIBER

247 480 327 526 unns
357 460 472 526 Christi
504 459 711 544 praesentiam
739 461 1101 544 consummationemque
1130 462 1247 527 saeouli
1275 463 1387 529 deela-

184 563 222 625 11
246 571 337 633 naret.
374 566 579 651 Septuaginta
614 567 685 631 anni
718 566 803 643 (de)
834 567 1019 650 captiuitate
1049 568 1158 649 populi
1189 567 1218 632 in
1247 568 1392 634 Persida

248 674 309 738 etsi
332 673 535 738 historialiter
557 672 761 754 accipiuntur,
786 676 818 737 et
838 677 1007 756 postquam
1029 673 1189 739 redierunt
1210 673 1241 738 in
1264 675 1393 740 Hieru-

249 781 345 845 salem
377 782 409 844 et
440 798 539 863 usque
572 779 610 842 ad
639 777 756 844 Christi
787 779 904 845 domini
935 779 1177 845 insumationem
1214 780 1393 866 quingenti

247 905 343 968 paene
380 885 584 954 inueniuntur
619 885 777 968 completi,
814 887 919 951 tamen
960 885 1020 950 hoe
1060 885 1155 951 etiam
1196 885 1393 969 spiritaliter·

246 991 490 1075 intellegendum
514 993 573 1070 est,
597 990 680 1073 quod
707 993 780 1073 post
807 992 987 1076 septuagies
1015 994 1141 1073 septem,
1168 990 1202 1057 id
1228 995 1279 1058 est
1305 997 1390 1078 post.

248 1097 486 1182 quadringentos
514 1099 546 1160 et
578 1096 659 1160 eirea
690 1095 858 1180 nonaginta
890 1115 986 1162 annos
1019 1099 1142 1180 oportet
1171 1097 1305 1164 Iudaeos
1336 1136 1389 1169 aa·

248 1203 306 1268 sub
339 1203 532 1281 antichristo,
565 1221 638 1267 oum
669 1201 763 1266 fallax
793 1202 942 1268 inuentus
973 1201 1068 1267 inerit
1094 1222 1112 1267 a
1138 1203 1263 1270 Indaeis
1285 1204 1385 1288 ipsis,

184 1305 223 1368 12
247 1309 301 1391 qui
331 1308 468 1392 primum
500 1326 569 1374 esse
603 1307 762 1374 Christum
793 1309 1037 1374 aestimauerint.
1071 1308 1141 1375 Non
1172 1310 1273 1376 multo
1305 1315 1391 1396 post.

247 1418 350 1480 nutem
386 1415 512 1500 cognita
547 1414 615 1479 eius
651 1413 779 1496 perfidia
815 1416 909 1497 atque
944 1414 1078 1492 fullaoia,
1114 1418 1190 1481 tune
1210 1423 1212 1430 '
1231 1421 1383 1501 gerentes
1411 1441 1421 1480 r

246 1521 479 1602 paenitudinem
511 1520 565 1603 qui
596 1519 713 1585 fuerint
748 1519 871 1604 reliqui,
909 1539 1017 1586 omnes
1053 1519 1093 1586 ad
1129 1520 1246 1587 Christi
1282 1521 1385 1589 iidem

248 1623 365 1692 domini
396 1626 613 1709 peruolabunt,
646 1644 682 1692 ao
713 1626 908 1709 paenitentes
937 1626 1061 1705 delicta,
1089 1627 1213 1693 ueniam
1241 1628 1280 1693 ab
1306 1628 1380 1713 ipso

248 1732 370 1798 Christo
398 1733 524 1798 domino
552 1734 636 1798 siant
663 1733 758 1797 ueteri
785 1732 1007 1816 impetrabunt,
1035 1735 1072 1798 ut
1096 1733 1265 1816 impleatur
1293 1735 1380 1820 qnod

184 1835 224 1900 13
248 1840 366 1904 dietum
390 1842 453 1904 est:
479 1838 598 1904 Amen
626 1839 715 1905 dieo
738 1838 868 1917 nobis,
890 1838 965 1903 iam
988 1857 1046 1904 me
1068 1859 1140 1905 non
1164 1841 1377 1920 uidebitis,

249 1945 373 2010 donee
406 1945 570 2010 dicatis:
608 1944 860 2009 Benedictus
892 1944 959 2027 qui
994 1945 1109 2010 uenit
1143 1945 1181 2010 in
1217 1947 1411 2013 neminen

248 2050 413 2126 domini;
437 2054 470 2116 et
492 2050 631 2115 utillud
654 2050 862 2133 compleatur:
894 2050 1029 2116 Donec
1056 2050 1268 2133 plenitudo
1292 2071 1376 2137 gen-

248 2156 347 2220 tium
365 2156 504 2236 intret,
523 2159 562 2222 et
585 2156 643 2221 sio
667 2155 795 2222 omnis
818 2155 977 2222 Israhel
999 2157 1244 2236 salutabitur,
1268 2158 1377 2225 sieut

248 2261 445 2345 seriptum
473 2265 550 2338 est;
583 2266 628 2328 et:
661 2261 702 2328 Si
728 2262 857 2328 fuerit
882 2263 1058 2345 populns
1080 2263 1240 2329 Israhel
1268 2264 1378 2330 sieut

184 2367 225 2431 14
248 2386 365 2433 arena
396 2369 528 2447 maris,
565 2368 717 2452 reliqui
753 2368 1034 2434 saluahuntur.
1070 2370 1111 2434 lea
1147 2355 1231 2451 qnod
1266 2372 1377 2437 Idsaiae

246 2473 357 2538 beatus
389 2477 494 2557 aperte
517 2475 555 2540 de
579 2473 702 2540 Christo
724 2474 875 2552 docuerit,
899 2474 983 2558 quod
1006 2476 1150 2542 omnibus
1175 2477 1379 2544 redeuntibus
1394 2503 1418 2544 re

247 2577 444 2663 llindulturus
469 2583 527 2659 est,
551 2580 619 2662 ipse
643 2580 787 2645 dominus
817 2580 896 2645 dixit
922 2581 981 2645 ita:
1014 2579 1196 2665 Spiritus
1227 2582 1378 2648 domini

248 2703 369 2768 super
391 2705 458 2764 me,
481 2691 701 2770 propterea
722 2687 862 2752 unexit
883 2705 950 2764 me,
979 2687 1263 2773 euangeliaars
1291 2707 1379 2771 pau·

247 2793 421 2874 peribus,
453 2793 569 2858 misit
598 2812 666 2872 me,
698 2793 931 2877 praedicare
962 2794 1145 2876 captiuis
1176 2795 1381 2862 remissio·

247 2917 346 2977 nem,
386 2898 519 2964 caeeis
560 2900 707 2974 nisum,
749 2899 993 2965 adnuntiare
1038 2919 1178 2965 annum
1223 2900 1379 2968 domini

186 3007 225 3071 15
249 3003 548 3086 neoeptahilem
572 3007 611 3069 et
633 3003 734 3071 diem
756 3005 1058 3072 retributionis.
1080 3006 1128 3071 De
1150 3025 1211 3090 quo
1234 3004 1420 3078 dominusne

247 3108 278 3173 in
306 3108 424 3193 templo
454 3129 525 3175 oum
554 3109 727 3195 aeoepisset
751 3097 865 3175 librum
895 3098 1143 3196 seripturamque
1169 3112 1249 3178 hano
1275 3114 1379 3195 perui-

248 3215 356 3293 disset,
394 3215 439 3279 ait
474 3215 625 3299 apostolis
662 3218 695 3280 et
723 3215 755 3281 in
788 3215 934 3281 omnihus
965 3217 1025 3282 hoe
1056 3217 1088 3281 in
1121 3215 1171 3283 sui
1201 3221 1380 3301 praesentia

248 3340 328 3385 nune
349 3321 449 3387 fuisse
468 3322 669 3405 completum.
694 3318 785 3401 Quod
803 3325 835 3387 et
853 3321 986 3388 Danihel
1003 3323 1206 3389 beatissimus
1224 3324 1377 3404 adtendit,

249 3426 331 3509 qnod
354 3426 384 3491 ei
402 3427 519 3492 dixerat
541 3427 685 3493 dominus
708 3427 828 3492 dicens:
850 3427 955 3493 Audi
985 3428 1049 3494 uir
1079 3429 1378 3522 desideriorum

336 3654 373 3709 14
388 3650 486 3731 ¹ldntth.
500 3650 636 3709 xxnlaa
690 3654 724 3709 16
740 3653 815 3707 Rom.
830 3651 925 3708 mae.
939 3654 973 3709 26
1028 3655 1060 3710 18
1077 3652 1209 3710 Idam
1261 3658 1294 3714 21
1313 3656 1376 3715 Luo.

248 3739 287 3793 IV
306 3739 346 3794 18.
367 3740 399 3794 19
451 3740 567 3797 27Luo.
586 3739 625 3795 IV
643 3740 675 3794 21
725 3741 955 3798 asnaalxae

282 3884 382 3969 2<gie>
395 3889 506 3945 addidit
525 3890 653 3945 Oehterus
713 3891 847 3961 Csepties
905 3888 1146 3962 dquedringintos
1210 3899 1277 3962 poet
1293 3909 1376 3950 annos

250 3977 349 4032 aeidit
369 3978 560 4032 incarnationis
666 3978 764 4034 danae
783 3979 841 4046 sere
862 3979 943 4034 haee:
966 3979 1101 4035 subiectos
1126 3996 1184 4035 esse
1201 3997 1250 4052 per
1267 3981 1376 4053 aliquod

249 4068 355 4137 tempus
407 4065 636 4120 Cestimauemnt
653 4065 691 4120 Α1
711 4067 896 4122 estimnnerint
913 4065 953 4121 A²
1006 4068 1041 4123 18
1057 4068 1080 4122 si
1098 4083 1141 4123 om
1158 4066 1196 4122 A¹
1249 4070 1286 4127 2⁵
1303 4068 1395 4140 qnod,

248 4156 283 4210 26
300 4154 435 4224 accepisse
