2858 4620
225 285 244 348 8
308 271 310 275 ⁷
408 276 584 336 FILdS'IRII
601 280 832 370 nlvunshuust
848 278 1039 350 musaeu
1055 282 1162 346 LIBER

225 477 423 558 permittente
455 466 578 541 domino
611 462 735 559 saapids
766 476 963 556 adnant-nbat,
996 477 1079 541 sicut
1109 478 1140 541 in
1167 479 1344 561 Regnorum

174 579 194 641 2
225 583 312 646 libris
341 582 526 648 continetur.
558 582 685 647 Praeter
712 581 814 651 Dauid
841 583 967 647 beatum
993 602 1099 667 regem
1127 586 1159 648 et
1179 583 1343 648 Ezechiam

141 703 143 709 ’
227 690 369 752 sanetum
402 691 435 755 st
459 689 575 753 Iosiam
605 692 638 754 et
663 675 739 753 latu
769 687 869 754 filium
897 688 1040 753 Nameesi
1065 689 1118 752 alii
1145 708 1251 754 omnes
1278 709 1344 772 per-

226 795 393 858 mittebant
418 795 551 879 populos
578 794 749 867 sacrificare
775 794 880 874 idolis,
908 813 943 858 ac
971 794 1095 877 saepius
1124 813 1195 858 cum
1218 796 1344 860 illorum

225 900 353 965 interitu
377 939 391 969 a
415 904 447 966 et
472 901 533 985 ipsi
560 902 773 979 uersabantur,
795 921 855 966 non
878 921 914 966 ea
937 900 1142 978 destruentes,
1166 900 1221 966 sed
1243 901 1344 985 magis
1372 920 1384 959 s

225 1007 397 1090 impietatis
430 1021 536 1072 eorum
566 1008 703 1072 fautores
734 1007 800 1072 fieri
826 1009 1035 1090 properantes,
1063 1009 1099 1072 et
1124 1025 1212 1091 reges
1241 1007 1344 1083 ceteri,

228 1113 321 1176 sicuti
343 1113 413 1177 libri
437 1114 613 1197 Regnorum
641 1117 861 1179 contestantur.

744 1339 834 1393 XVIII

260 1465 345 1531 ¹Alia
367 1468 414 1531 est
436 1466 554 1551 heresis
577 1467 609 1530 in
633 1465 767 1546 ludaeis,
791 1464 829 1530 de
853 1484 914 1548 qna
936 1464 1080 1529 dominus
1104 1480 1159 1547 per
1179 1464 1348 1547 prophetas

227 1572 392 1637 incusabat
414 1590 478 1637 eos.
501 1571 609 1653 Deque
632 1591 668 1636 ea
689 1573 799 1636 beatus
823 1570 998 1654 Stephanus
1021 1573 1138 1652 martyr
1159 1569 1349 1652 increpabat,
1369 1591 1395 1631 m

220 1661 349 1743 ⁴iliceos:
381 1677 582 1765 Numquid
612 1674 911 1744 immolationes
944 1679 982 1741 et
1012 1675 1222 1741 sacrificia
1249 1675 1350 1739 mihi

231 1777 501 1869 quadraginta
523 1784 635 1862 annis
659 1783 887 1861 obtulistis,
906 1783 1043 1852 domus
1061 1781 1227 1860 Israhel,
1246 1781 1353 1846 dicit

231 1891 413 1956 dominus
444 1890 718 1972 omnipotens?
745 1891 791 1958 Et
822 1886 922 1955 nunc
948 1888 1196 1971 suscepistis
1222 1887 1350 1952 taber-

230 1997 415 2062 naculum
433 1996 590 2062 Moloch
614 1999 652 2061 et
674 1996 787 2062 sidus
806 1995 868 2060 dei
884 1989 1069 2071 Remfam,
1089 1996 1234 2059 formas
1253 1994 1352 2058 fixo-

230 2123 311 2167 rum
335 2101 534 2166 idolornm
558 2104 596 2166 et
618 2100 896 2184 sculptilium?
918 2101 1087 2182 Propter
1115 2099 1218 2183 quod
1244 2098 1353 2164 dicit
1372 2119 1398 2161 a

180 2211 200 2272 2
232 2209 427 2274 dominus:
460 2207 831 2291 Tra'nsmigratione
866 2226 937 2273 nos
973 2207 1114 2271 faciam
1148 2205 1353 2289 captinari

231 2315 270 2379 in
293 2317 439 2386 terram
460 2313 707 2398 Babyloniae
730 2315 847 2396 atque
870 2313 1078 2377 Persarum
1097 2315 1135 2376 et
1151 2311 1355 2377 interiora

232 2421 321 2486 loca
357 2420 437 2483 alia
473 2422 512 2483 et
543 2417 653 2482 arida
684 2418 789 2482 etin
820 2421 1021 2501 postrema
1052 2421 1246 2494 terrarum
1280 2435 1355 2481 om·

232 2545 348 2591 nrum.

759 2677 821 2732 XIX
1373 2697 1399 2736 ro

276 2809 340 2874 Alii
371 2810 445 2873 sunt
473 2806 526 2888 qui
553 2825 637 2870 aram
664 2804 851 2869 collocantes
878 2803 923 2867 ita
951 2803 1064 2867 dictam
1088 2802 1197 2867 Tafeth
1227 2802 1355 2868 nomino

234 2915 378 2991 alicuius,
412 2913 445 2976 in
482 2911 563 2976 ualle
595 2909 652 2975 filii
682 2910 811 2988 Ennom,
842 2909 958 2973 ibidem
990 2927 1064 2973 suos
1094 2907 1176 2973 filios
1207 2911 1239 2972 et
1268 2907 1355 2974 filias

233 3016 562 3107 [ludaei]ldaemoniis
585 3015 797 3087 immolabant.
826 3016 873 3080 De
896 3015 1009 3098 quibus
1032 3013 1109 3079 dicit
1131 3013 1356 3098 dominusper

183 3134 202 3195 2
234 3127 416 3212 prophetam
446 3122 638 3188 hiezechiel:
675 3122 773 3187 hece
807 3120 875 3187 fili
910 3120 1093 3198 hominis,
1130 3120 1220 3185 uide
1256 3120 1354 3203 quid

235 3234 336 3300 facit
359 3230 531 3314 populus
554 3228 726 3292 Israhel:
749 3227 828 3292 iste
850 3226 968 3292 filios
992 3229 1030 3291 et
1052 3226 1166 3290 filias
1190 3245 1282 3292 suras
1311 3227 1353 3290 in
1371 3257 1400 3296 es

235 3340 346 3406 ualle
370 3335 512 3403 Iafeth
538 3334 719 3399 immolat
746 3333 975 3408 daemoniis,
1004 3332 1149 3415 quibus
1178 3351 1248 3416 ego
1277 3351 1353 3398 non

234 3443 417 3512 mandant
452 3442 551 3522 liano
581 3440 714 3508 faeere
744 3438 1004 3522 iniquitatem
1035 3438 1072 3502 in
1104 3438 1261 3503 Israhel
1290 3458 1354 3521 po·

235 3553 339 3638 pulo.

323 3770 581 3853 11vneg.xrt1v
664 3778 736 3835 arv
753 3778 819 3848 aeg.
837 3777 962 3833 xvrna
1049 3777 1121 3834 arv
1144 3778 1209 3848 neg.
1233 3777 1354 3845 mre

270 3866 858 3943 mneg.xrx161vlteg.1xn14.2o
911 3868 942 3922 ll
957 3865 1130 3920 AmosV25.
1144 3867 1178 3921 26
1193 3866 1284 3920 Actor.
1300 3866 1354 3921 VII

237 3965 280 4018 42.
297 3963 332 4018 43
384 3961 528 4018 221erem.
547 3950 654 4013 111181
703 3959 740 4010 at
758 3954 851 4010 Erech.
869 3953 935 4008 VIII
952 3954 977 4010 8.
996 3954 1012 4007 9
1030 3954 1123 4011 Ierem.
1144 3953 1194 4008 vu
1210 3955 1244 4009 31

272 4085 363 4141 hiesu
380 4083 464 4137 filium
482 4080 595 4135 namcrsi
641 4076 771 4134 heradii
786 4075 873 4139 ueluti
887 4074 917 4132 Iu
934 4075 1072 4144 impietate
1115 4079 1176 4132 dut
1189 4075 1352 4147 simarum]

239 4177 267 4228 et
305 4169 394 4228 eslii
434 4172 469 4226 10
485 4167 578 4222 martir
612 4170 645 4230 12
661 4167 712 4220 isrl
747 4168 782 4222 14
799 4162 919 4221 fictorum
936 4162 1084 4221 Fabricius
1116 4165 1151 4219 at
1167 4164 1217 4218 isrl
1251 4165 1354 4219 271er
