2866 4614
648 290 811 347 xc-xcn.

677 485 777 549 LXIV

206 626 280 691 Alia
302 629 351 690 eet
372 626 488 691 heresis
512 646 591 710 quae
615 627 691 712 dicit
714 626 910 692 diuinitatem
940 627 1088 703 doluisse,
1117 646 1186 690 oum
1215 645 1284 690 caro
1303 639 1377 695 xcll

161 735 324 815 pateretur·
354 731 385 796 in
419 751 508 797 cruce
541 732 705 797 coniuncta
736 732 904 810 diuinitati,
937 734 1084 812 errantes,
1117 731 1200 813 quod
1228 751 1287 796 non

162 840 269 904 solum
296 838 445 903 diuinitas
472 839 538 921 pati
565 858 625 903 uon
653 841 760 924 potest
786 838 969 904 naturaliter
990 858 1046 904 nec
1070 839 1167 903 teneri
1190 856 1288 920 neque

131 943 275 1022 euideri,
307 962 416 1008 uerum
450 943 542 1008 etiam
575 963 631 1008 neo
664 944 779 1009 anima
796 945 941 1023 hominis,
972 965 1049 1026 quae
1078 963 1095 1007 a
1123 944 1178 1008 deo
1206 944 1290 1007 facta

163 1053 223 1127 est,
253 1049 375 1114 dicente
405 1050 542 1116 domino:
575 1050 713 1116 Nolite
740 1052 882 1116 timere
911 1071 976 1116 eos
1005 1051 1071 1133 qui
1099 1049 1331 1115 occidunt?

163 1175 322 1238 corpus,
351 1157 518 1221 animam
546 1161 676 1221 auteur
704 1176 776 1222 non
804 1160 973 1240 possunt
1001 1157 1195 1234 occidere,
1221 1156 1288 1221 sed

163 1262 306 1327 timete
334 1264 436 1328 hunc
463 1264 611 1347 potius,
640 1266 707 1346 qui
730 1267 870 1346 potest
893 1265 1058 1329 animam
1083 1267 1121 1329 et
1144 1283 1287 1346 corpus

164 1369 330 1451 perdere
354 1369 391 1433 iu
421 1371 648 1453 gehennam.
681 1371 792 1435 Errant
814 1370 919 1453 itaque
944 1370 1044 1435 modis
1069 1371 1210 1436 omuibus
1235 1370 1288 1453 qui

124 1503 148 1542 ro
165 1473 274 1538 dicunt
303 1473 500 1538 diuinitatem
524 1474 639 1540 Christi
667 1494 735 1539 esse
762 1477 874 1540 natura
904 1475 1098 1557 passibilem,
1129 1479 1161 1540 et
1192 1476 1287 1557 impie

166 1581 306 1645 sentiunt
337 1575 396 1644 ¹aut
433 1580 569 1646 doluisse
606 1585 660 1645 aut
696 1580 822 1645 deuisse
854 1584 908 1645 aut
943 1581 1146 1665 ingemuisse;
1183 1581 1288 1664 passio

166 1686 247 1749 enim
271 1684 387 1750 Christi
415 1689 464 1750 eet
491 1687 631 1764 carnalis,
661 1697 799 1763 (carae)
827 1687 1019 1765 naturaliter,
1042 1706 1101 1751 non
1125 1687 1287 1752 diuinitate

166 1790 299 1856 dolente.
331 1791 468 1874 Ideoque
500 1811 560 1856 nou
588 1793 834 1878 cognoscebatur
865 1812 882 1856 a
913 1792 1037 1857 Indaeis
1071 1793 1123 1874 qui
1155 1795 1221 1856 erat
1256 1793 1330 1856 in3

166 1916 255 1961 carne
281 1898 426 1980 passibili
451 1897 618 1980 loquendo,
647 1899 701 1981 qui
729 1899 765 1963 de
791 1898 860 1982 lege
889 1898 934 1962 eis
962 1902 994 1963 et
1019 1898 1178 1981 prophetis
1212 1897 1287 1963 deus

130 2031 150 2070 a
165 2021 259 2067 uerus
292 2004 500 2082 nuntiabatur,
532 2004 696 2088 palamque
730 2005 762 2068 in
795 2023 917 2069 earnem
951 2008 1099 2069 uenturus
1133 2003 1287 2085 praedica-

165 2109 266 2184 batur,
291 2108 413 2174 dioente
440 2111 606 2192 propheta:
639 2111 743 2176 Deus
775 2112 902 2194 palam
936 2111 1084 2187 ueniet,
1117 2109 1286 2174 etiterum

164 2214 246 2279 idem
267 2215 419 2298 propheta
436 2214 553 2280 Dauid:
576 2217 766 2281 Dominus
790 2235 879 2299 pars
902 2216 1148 2281 hereditatis
1171 2234 1287 2289 meae,

167 2323 203 2384 et
236 2320 381 2385 caliois
416 2323 501 2388 mei.
536 2319 596 2399 Qui
624 2325 673 2387 est
701 2323 782 2386 enirn
805 2323 884 2388 calix
906 2322 967 2386 uisi
991 2322 1056 2386 eius
1078 2320 1329 2404 passioalqmo

166 2428 270 2490 tautae
293 2428 441 2493 bonitatis
460 2447 573 2492 munus
586 2427 589 2496 l
603 2432 634 2493 et
653 2427 833 2494 clementiae
851 2428 986 2492 humano
1006 2428 1109 2512 generi
1128 2427 1286 2492 conferens

128 2558 151 2599 ro
166 2533 202 2597 ab
225 2533 411 2598 Iudaeorum
434 2535 634 2616 iniquissimo
658 2535 855 2618 ignorabatur
881 2535 1007 2617 populo.
1039 2535 1156 2598 Passus
1181 2533 1287 2614 itaque

168 2642 215 2703 est
242 2658 331 2703 carue
357 2640 511 2720 passibili,
538 2660 598 2704 nou
628 2640 792 2705 diuinitate
820 2642 1002 2705 naturaliter
1024 2640 1209 2723 inpassibili,
1234 2639 1287 2722 qui

168 2747 198 2808 et
225 2746 404 2829 agnoscitur
430 2749 461 2811 et
488 2746 623 2811 creditur
649 2766 708 2811 uon
737 2748 864 2812 absente
892 2750 995 2810 tamen
1027 2745 1201 2822 diuinitate,
1234 2741 1288 2811 sed

168 2850 331 2914 coniuncta
353 2869 423 2914 cum
447 2869 572 2933 corpore
594 2852 710 2934 pariter
732 2853 858 2933 propter
880 2851 1063 2934 mysterium
1094 2870 1287 2917 cousumma-

167 2957 260 3020 tionis
291 2959 445 3021 statutum
477 2976 512 3022 ac
544 2958 703 3023 delinitum
737 2961 836 3022 autea.
870 2955 960 3035 Quod
992 2958 1092 3023 sciens
1125 2958 1328 3039 apostolus5

129 3088 152 3126 a
168 3059 405 3146 nousepa'rauit
427 3065 457 3128 in
482 3083 570 3129 cruce
594 3065 789 3129 diuinitatem
813 3084 831 3128 a
854 3083 942 3129 carue
966 3065 1084 3130 dicens:
1119 3064 1158 3130 Si
1186 3065 1286 3130 euim

170 3168 1286 3252 cognouisseut,numquamdominummaiestatiscruci·

169 3272 367 3338 fixissent.
408 3274 525 3339 Paulus
567 3276 671 3357 itaque
707 3276 818 3340 beatus
856 3276 1013 3341 coniunxit
1047 3279 1214 3358 utrumque
1250 3279 1287 3339 ut

254 3496 430 3564 'dexecripeit
446 3498 586 3567 Angustia.
607 3498 638 3552 de
656 3499 758 3552 haeres.
777 3500 810 3553 73
863 3501 992 3557 cuaeth.
1011 3501 1082 3554 xa8
1137 3501 1171 3554 16
1187 3500 1285 3553 Psalm.
1400 3472 1403 3477 t

169 3584 285 3638 XLIXS
342 3587 372 3640 17
391 3585 488 3642 Psalm.
507 3586 589 3639 ΧΗ
642 3587 864 3644 25100r.118
1278 3626 1279 3629 =

201 3733 377 3789 3diuinitate
395 3735 422 3790 A
474 3740 606 3804 4potens
625 3738 651 3790 A
703 3741 815 3791 duom
832 3738 860 3792 A
910 3737 1030 3794 tlErant
1048 3739 1075 3791 B
1138 3740 1174 3794 10
1189 3740 1285 3792 natura

169 3820 328 3891 sichardus]
343 3825 464 3876 naturam
510 3824 543 3878 11
558 3825 690 3892 gemuisse
705 3825 730 3877 A
781 3826 814 3881 12
829 3826 920 3895 earne]
937 3826 994 3879 add
1006 3826 1154 3880 Fabricius
1198 3826 1235 3882 14
1247 3826 1285 3879 eis

168 3925 209 3962 om
227 3910 254 3962 B
307 3911 481 3965 1ncarne13
550 3912 701 3980 predicatur
718 3913 745 3965 A
806 3912 839 3969 17
857 3914 928 3966 idem
946 3930 988 3967 om·
1005 3915 1031 3966 A
1086 3917 1120 3972 1e
1137 3914 1240 3984 generis
1258 3911 1288 3967 A

168 3999 202 4052 20
219 3998 385 4066 iniquissimo
405 3998 565 4068 stota-raus]
585 4000 746 4068 nequissimo
818 4000 1010 4070 ignorabantur
1028 4002 1053 4066 A
1116 4003 1150 4057 at
1170 4000 1241 4055 cami
1259 4001 1286 4056 A

202 4085 345 4139 diuinitate
372 4089 529 4142 naturaliter
555 4088 706 4158 inpassibili
733 4105 775 4143 om
803 4092 829 4144 A
916 4094 950 4147 22
977 4089 1168 4145 absente-sed
1194 4106 1236 4143 oue
1259 4093 1285 4144 A

167 4175 200 4228 23
216 4174 308 4227 iuncta
326 4175 351 4226 A
402 4177 440 4232 24
459 4178 530 4229 statu
548 4178 575 4230 A
626 4177 661 4230 26
678 4178 835 4248 magestatis
852 4178 891 4231 A¹

1216 4283 1249 4335 ,t
