2858 4620
514 292 757 359 xxm-nxxrrr.
1150 302 1189 365 17

74 489 106 551 et
132 487 198 552 solo
228 486 284 550 deo
312 488 418 550 natum
441 486 540 550 fuisso
562 487 771 564 Intellectum,
796 487 833 551 de
855 488 1020 554 intellectu
1043 490 1190 570 Verbum,

73 592 110 657 de
133 592 235 656 Verbo
263 591 407 671 Sensum,
431 591 468 655 de
492 590 591 661 Sensu
619 594 723 657 autem
750 592 906 659 Virtutem
932 599 964 659 el·
990 595 1188 678 Sapientiam,

73 698 111 762 de
133 697 256 762 Virtute
281 699 384 761 autem
408 700 440 762 et
472 696 631 780 Sapientia
660 697 856 781 Prinoipatus
888 703 920 764 et
949 701 1126 767 Potestates
1159 707 1189 766 et

72 806 199 890 angelos
230 805 329 869 factos
361 804 511 871 diuersos.
548 805 614 888 Ipsi
646 804 727 869 enim
759 806 861 888 angeli
896 808 1043 884 fecerunt,
1078 807 1233 890 inquit,3

45 911 204 989 renerum,
231 913 303 992 post
329 911 401 975 illos
411 907 420 998 ΙΙ
429 910 482 974 alii
511 911 613 994 angeli
640 911 779 976 lecerunt
807 913 925 976 eaelum
949 949 972 989 1,
995 912 1039 977 ita
1062 933 1097 976 er
1120 914 1188 979 aliis

72 1007 124 1080 alii
147 1016 259 1099 prolati
282 1017 421 1081 fecerunt
442 1016 572 1080 tertium
595 1017 724 1081 caelum.
757 1014 817 1095 Qui
844 1018 1015 1082 seeundum
1038 1019 1188 1085 ordinem:

73 1125 104 1187 et
140 1123 203 1200 alii,
230 1122 342 1205 inquit,
369 1123 509 1189 lecerunt
535 1125 691 1189 trecentos
719 1123 879 1208 sexaginta
910 1123 1045 1205 quinque
1077 1125 1188 1190 caelos.

71 1229 112 1292 Et
141 1229 275 1315 imponit
305 1229 475 1294 uirtutibus
507 1229 571 1296 illis
598 1230 724 1295 nomina
749 1231 898 1314 angelica,
926 1233 958 1294 et
982 1230 1050 1312 ipse
1076 1231 1189 1316 magiis
1212 1232 1232 1294 4

71 1354 185 1401 naeans
208 1334 317 1401 itidem
341 1335 457 1399 multos
480 1335 641 1418 imperitos
669 1335 795 1419 decipit.
826 1335 993 1401 Hominem
1020 1339 1123 1403 antem
1151 1337 1188 1401 ab

37 1456 58 1496 1⁰
73 1440 191 1525 angelis
218 1440 335 1504 laetum
363 1440 491 1505 adserit:
520 1440 613 1504 deum
635 1441 729 1505 etiam
751 1460 860 1505 uerum
883 1442 1134 1524 omnipotentem,
1159 1445 1192 1506 et

74 1565 143 1610 eum
170 1546 265 1610 audet
292 1546 435 1630 angelum
460 1546 572 1624 dicere,
595 1547 627 1610 et
649 1547 807 1629 accepisse
831 1566 929 1631 genus
951 1546 1136 1612 ludaeorum
1157 1547 1189 1610 in

71 1651 285 1729 hereditatem,
323 1656 355 1716 et
387 1651 532 1716 eduxisse
569 1669 622 1716 eos
659 1652 696 1716 ds
731 1655 813 1716 terra
843 1652 988 1738 Aegypti.
1023 1652 1084 1716 Hie
1115 1656 1231 1735 erg05

73 1757 217 1822 audacior
239 1758 353 1836 faetus,
377 1759 477 1822 elatus
501 1759 559 1834 est,
582 1757 694 1840 inquit,
718 1758 868 1823 aduersus
892 1762 1011 1823 eeteros
1034 1756 1186 1843 angelosl
1232 1789 1234 1795 ν

74 1868 104 1928 et
140 1864 248 1932 uolens
284 1863 316 1927 in
353 1864 577 1929 subiectionem
613 1864 725 1929 habere
762 1865 851 1942 alios,
882 1865 993 1931 habuit
1022 1864 1188 1930 contrarias

30 1984 56 2024 1⁵
74 1975 193 2054 gentes,
228 1988 305 2050 quas
338 1971 574 2035 commouerunt
603 1968 737 2033 uirtutes
768 1968 911 2034 inimicae
943 1969 1021 2034 eius.
1052 1968 1126 2033 Ideo
1158 1970 1232 2036 ote

73 2079 179 2141 contra
201 2075 333 2139 ludaeos
357 2074 498 2140 diuersae
522 2077 641 2158 gentes,
663 2075 774 2157 inquit,
798 2076 1002 2140 surrexerunt.
1031 2073 1185 2139 Christum

73 2183 177 2245 autem
201 2181 277 2246 dieit
300 2181 388 2263 quasi
410 2200 464 2262 per
486 2181 631 2245 umbram*
650 2177 792 2262 putatiue
814 2201 946 2263 passum
958 2181 1066 2245 fuisse.
1091 2180 1188 2246 Simo-

72 2307 142 2351 nem
170 2286 264 2352 etiam
288 2286 460 2370 Cyreneum
486 2305 540 2370 pro
569 2305 604 2351 eo
633 2286 671 2350 ad
692 2287 867 2368 passionem
890 2287 1014 2352 uenisse
1037 2286 1188 2351 adfirmat.

71 2395 143 2475 Ipse
167 2393 258 2470 enim,
281 2393 393 2474 inquit,
416 2393 554 2475 portauit
576 2410 708 2457 erueem.
737 2391 798 2457 Hie
821 2393 913 2457 etiam
935 2394 1015 2457 male
1038 2393 1190 2475 permittit
1212 2397 1229 2460 7

10 2507 56 2553 ²⁰
72 2499 189 2576 uiuere,
208 2501 240 2563 et
266 2499 320 2563 dat
345 2499 502 2563 licentiam
525 2497 613 2562 uitiis
637 2499 847 2563 saecularibus
870 2498 1018 2563 inherere.
1040 2498 1189 2563 Prohibet

72 2605 165 2668 etiam
196 2605 261 2687 pati
292 2606 474 2687 martyrium
507 2605 647 2669 homines
674 2623 729 2685 pro
756 2605 891 2687 nomine
910 2604 1025 2670 Christi
1061 2604 1187 2682 domini,

73 2711 177 2776 dicens
212 2705 271 2777 ita:
310 2710 438 2796 Ignoras
477 2710 550 2791 quid
584 2711 749 2775 desideras.
785 2710 854 2775 Non
882 2711 963 2775 enim
989 2729 1101 2793 passus
1129 2713 1187 2787 est,

71 2817 182 2900 inquit,
202 2815 355 2896 Christus,
378 2836 477 2898 neque
501 2816 663 2881 crucifixus
687 2819 744 2880 est.
775 2814 936 2895 Quomodo
959 2816 1064 2898 itaque
1084 2813 1186 2896 potes,
1211 2822 1229 2885 8

71 2924 183 3007 inquit,
212 2921 349 2989 confiteri
375 2919 673 2999 nundinantium,
705 2940 775 2985 oum
804 2941 863 2986 non
892 2921 933 2986 sit
960 2920 1133 2998 oruoifinus,
1157 2925 1188 2985 et

16 3039 56 3082 ²⁵
72 3029 195 3115 ignoras
219 3029 272 3111 qui
294 3048 405 3110 passus
430 3028 491 3093 sit?

615 3169 643 3230 V

113 3295 283 3360 Videamus
307 3297 339 3358 et
355 3292 504 3359 Nicolaus
523 3291 733 3357 Antiochenus
757 3293 876 3356 aduena
894 3311 954 3374 qna
973 3294 1021 3356 est
1039 3291 1186 3375 deceptus
1204 3303 1318 3358 XXXIII

72 3401 220 3471 amentia.
239 3399 300 3479 Qui
323 3398 381 3464 suh
404 3397 554 3480 apostolis
576 3399 638 3461 fuit
660 3401 753 3478 atque
776 3397 813 3461 ab
838 3397 882 3461 eis
906 3399 954 3461 est
976 3398 1094 3461 eleetos
1124 3395 1186 3459 dio·

157 3595 190 3648 19
206 3589 302 3645 Marah.
320 3588 421 3642 XXVII
439 3588 473 3642 32

103 3699 120 3752 2
134 3697 262 3750 uirtutem
276 3695 315 3768 et]
334 3698 363 3748 et
375 3695 503 3748 uirtutem
516 3694 543 3748 A
557 3697 585 3747 et
598 3693 699 3747 uirtute
712 3693 747 3756 Β,
761 3709 821 3747 eurr
833 3691 982 3745 Fabricius
1000 3707 1032 3744 ex
1045 3690 1184 3758 Epiphan.

65 3803 96 3855 p.
116 3784 198 3842 6913
231 3787 249 3840 d
265 3782 347 3837 1111111Ι
364 3783 482 3851 oportuit
500 3781 546 3835 alii
565 3781 654 3849 angeli
673 3780 705 3844 de
723 3780 777 3833 illis
795 3769 881 3848 genit'i
956 3778 1055 3832 1111ίά11
1073 3778 1185 3831 alterum

69 3874 183 3931 81111111
201 3873 228 3923 A
313 3873 446 3925 tlnooans
464 3872 491 3922 A
575 3868 727 3973 ¹imperatos
745 3871 772 3921 A
860 3869 895 3924 10
914 3869 940 3920 et
959 3882 1017 3919 eum
1035 3865 1062 3917 Β
1081 3881 1140 3918 eum
1158 3864 1184 3916 A

70 3990 106 4046 14
123 3987 297 4042 subunetione
315 3985 342 4039 A
429 3986 463 4040 15
479 3984 584 4038 inimice
602 3986 629 4036 A
716 3985 749 4039 17
766 3999 814 4052 per
832 3999 874 4037 om
892 3983 919 4035 A
1005 3979 1184 4050 symonemA

69 4080 104 4135 18
120 4077 247 4130 eirineum
264 4073 291 4127 A
339 4075 491 4130 1911111111
509 4074 536 4124 A
554 4073 610 4127 eius
630 4089 731 4126 erucem
749 4072 776 4123 B
823 4073 857 4126 22
875 4071 1000 4139 ignorans
1018 4069 1044 4121 Β
1091 4068 1182 4122 23111-

69 4165 130 4234 quit
146 4180 189 4218 om
207 4162 245 4216 A¹
315 4164 404 4232 potest
421 4160 448 4214 A
499 4163 533 4218 27
552 4161 708 4232 antiohenus
725 4161 752 4212 B

95 4287 216 4329 xxxvru.
230 4287 308 4328 ruse.
1132 4262 1148 4314 2
