2858 4620
575 285 812 340 IIII-ILVIII.
1206 288 1247 352 25

129 479 185 563 qui
210 480 287 544 facit
313 480 473 558 mundum,
502 500 561 545 non
589 484 647 559 est,
674 481 785 563 inquit,
812 481 923 558 bonus,
951 483 987 544 ut
1014 481 1067 545 ille
1094 481 1147 562 qui
1173 481 1249 545 fecit

129 609 217 656 oum:
250 587 410 652 subiectus
438 591 541 651 autem
569 590 618 652 est
645 587 701 651 deo
728 587 776 650 illi
803 607 820 651 a
846 607 906 669 quo
931 591 961 650 et
982 587 1084 651 factus
1108 590 1156 651 est
1176 587 1248 664 iste,

130 695 185 780 qui
207 697 239 760 ot
261 693 351 758 nutui
375 696 406 757 ct
426 692 559 758 iussioni
582 696 613 757 et
635 694 807 776 praeceptis
831 697 918 778 paret
939 693 1025 759 illius
1043 693 1075 757 in
1094 693 1247 758 omnibus.

127 801 228 868 Cuius
251 794 372 864 Arriani
394 818 475 863 nunc
498 802 656 864 consortes
680 803 753 865 suut
774 802 866 883 atque
889 801 1035 878 fautores,
1059 799 1104 864 sic
1130 798 1292 882 praedi-4

95 910 236 973 neantes
261 908 353 987 atque
376 905 555 970 sentientes.
578 904 664 969 Dicit
686 909 790 970 autem
809 905 966 971 Christum
991 906 1022 971 in
1046 924 1135 970 carne
1159 925 1250 989 appa-

128 1015 241 1091 ruisse,
265 1015 462 1090 nontamen,
486 1013 570 1077 sicut
588 1011 783 1094 Valentinus,
807 1013 844 1078 do
868 1012 951 1077 caelo
975 1031 1097 1077 carnem
1119 1013 1250 1094 deposu-

129 1123 203 1186 isse.
227 1118 282 1184 Ait
304 1119 398 1183 etiam
419 1121 491 1200 post
512 1117 689 1200 passionem
711 1137 771 1183 non
794 1138 915 1184 carnem
938 1119 1116 1196 surrexisse,
1140 1119 1195 1184 sed
1214 1119 1251 1184 da
1275 1116 1294 1180 5

130 1228 280 1309 quattuor
302 1224 477 1304 elementis,
499 1224 531 1288 id
555 1227 603 1289 est
621 1225 659 1288 de
679 1225 761 1290 sicco
781 1225 879 1290 calido
899 1225 1005 1290 umido
1024 1229 1057 1290 at
1073 1225 1184 1310 frigido
1204 1244 1252 1290 aa·

130 1333 253 1417 cepisse
268 1329 425 1397 Christum
442 1334 473 1394 et
486 1331 517 1394 in
533 1331 756 1401 resurrectione
775 1332 889 1395 iterum
905 1330 1076 1396 reddidisse
1090 1332 1260 1406 elementis
1275 1329 1294 1392 6

84 1455 114 1496 1⁰
132 1457 211 1522 quae
235 1438 272 1502 de
295 1435 410 1500 mundo
435 1437 729 1522 acceperatleaque
751 1433 782 1500 in
814 1440 926 1501 terram
956 1437 1123 1514 dimisisse,
1148 1437 1253 1521 ipsum

132 1547 238 1609 autem
256 1544 288 1607 in
311 1542 430 1607 caelum
454 1542 519 1606 sino
543 1561 631 1607 carne
655 1542 831 1607 ascendisse
855 1543 979 1608 adserit.
1013 1542 1078 1609 Sub
1102 1543 1251 1626 apostolis

131 1651 239 1733 itaque
261 1651 318 1714 hae
341 1648 467 1712 fuorunt
488 1648 615 1713 hereses
638 1668 693 1731 per
715 1648 863 1714 ordinem.

668 1824 727 1888 XX

98 2040 103 2048 ¹
176 1986 251 2031 eosa
287 1986 373 2030 osan
407 1985 511 2030 nunus
544 1984 795 2030 sansncuniouuu
833 1964 894 2028 fuit
929 1964 1077 2029 Tatianus
1117 1964 1252 2046 quidam,
1271 1979 1384 2035 XLVIII

90 2099 117 2140 15
136 2073 309 2156 discipulus
333 2072 432 2137 sancti
450 2072 563 2136 lustini
584 2072 739 2154 martyris,
763 2071 816 2152 qui
838 2071 968 2135 recessit
989 2090 1008 2135 a
1029 2071 1161 2135 ueritate
1182 2073 1256 2153 post

133 2179 309 2262 passionem
331 2179 442 2261 ipsius,
466 2178 698 2260 doctrinamque
720 2177 799 2242 tanti
822 2177 921 2241 sancti
944 2195 979 2241 ac
1001 2177 1085 2242 beati
1110 2177 1254 2259 martyris

134 2288 166 2350 et
191 2285 335 2369 magistri
362 2285 549 2368 contempsit
574 2285 606 2349 in
635 2284 789 2361 omnibus,
818 2281 1071 2368 dicensllAconas
1104 2283 1255 2365 quosdam

134 2390 171 2454 de
203 2392 288 2454 caelo
320 2391 419 2456 fuisse
450 2391 597 2472 prolatos,
631 2390 745 2454 addens
778 2390 873 2454 etiam
904 2389 973 2467 hoc,
1005 2389 1104 2454 Adam
1135 2392 1255 2471 patrem
1333 2396 1342 2411 '

131 2501 272 2562 nostrum
303 2498 534 2580 protoplastum
565 2516 624 2561 non
659 2497 783 2565 saluaii.
819 2497 940 2561 Aeonas
974 2498 1079 2559 autem
1110 2496 1298 2559 nuntians2

87 2629 114 2668 so
135 2603 217 2667 sicut
247 2602 387 2668 Marcion
420 2603 573 2666 delirauit.
612 2600 672 2681 Qui
705 2603 798 2666 etiam
831 2603 1060 2684 generationem
1098 2601 1256 2665 hominum

134 2711 300 2787 execratur,
329 2712 361 2773 et
386 2710 436 2773 ius
465 2710 642 2792 nuptiarum
670 2709 846 2792 legitimum
875 2707 980 2784 abicit,
1008 2708 1101 2788 idque
1132 2707 1209 2772 iuris
1238 2727 1255 2770 a

133 2815 189 2880 deo
213 2818 365 2880 statatum
387 2835 447 2880 non
471 2816 644 2880 confitetur.

218 3061 236 3114 5
259 3057 401 3126 Angustia.
428 3057 460 3112 dc
484 3058 585 3112 haeres.
609 3059 655 3112 23:
680 3057 758 3112 Hunc
775 3057 897 3126 Apellam
922 3055 1014 3110 dicant
1039 3056 1146 3126 quidam
1173 3057 1254 3109 etiam

135 3145 166 3200 dc
189 3145 296 3200 Christo
319 3150 374 3199 tam
397 3145 466 3200 falsa
488 3147 601 3200 sensisse
627 3150 658 3200 ut
681 3145 782 3200 diceret
804 3163 864 3199 aum
886 3162 939 3198 non
958 3144 1063 3214 quidem
1084 3161 1190 3215 ¹carnem
1210 3144 1256 3197 de-

133 3237 252 3304 posuisse
275 3234 307 3290 da
331 3236 412 3298 caelo,
431 3234 527 3289 sodex
549 3236 688 3290 elementis
706 3235 800 3288 mnndi
817 3235 966 3305 accepisse:
986 3250 1065 3302 qnam
1082 3232 1180 3286 mundo
1199 3232 1258 3286 red-

134 3324 203 3378 didit
220 3323 292 3395 quod
310 3324 367 3377 sine
386 3340 464 3378 carne
481 3339 623 3392 resurgens
642 3323 808 3377 ascenditis
826 3322 937 3377 caelum.

167 3467 257 3521 2eum
268 3465 295 3518 Β
306 3465 382 3518 illum
396 3465 422 3517 A
440 3463 591 3518 Sichardas
644 3465 686 3517 est
705 3467 793 3517 autam
812 3479 872 3517 cam
888 3462 974 3531 cipais
992 3460 1212 3530 transpositionis
1229 3462 1256 3515 A

132 3557 150 3610 3
165 3554 281 3608 iussione
300 3554 327 3606 A
391 3555 412 3609 4
429 3551 545 3607 factores
562 3552 600 3607 A¹
670 3553 707 3606 sit
725 3551 762 3604 A¹
815 3555 832 3607 6
849 3551 1005 3621 deposuisse
1023 3550 1078 3604 AB
1095 3549 1163 3616 conf
1176 3551 1220 3615 21,
1238 3551 1255 3601 4

133 3641 309 3711 desumpsisse
318 3639 470 3696 &chordas
483 3640 536 3695 alii
549 3640 703 3709 deposuisse
717 3640 774 3695 iam
788 3639 888 3709 teporat
901 3637 1045 3708 Aupasta'a.
1056 3632 1088 3690 dd
1100 3637 1201 3691 haeres.
1216 3639 1255 3690 23

132 3735 150 3788 8
166 3731 256 3785 umido
274 3747 318 3786 om
334 3731 362 3786 A
413 3731 639 3786 dresurreatione
695 3731 728 3785 12
745 3729 797 3783 hac
813 3729 841 3781 A
910 3728 1012 3782 heresis
1029 3727 1057 3779 A
1114 3727 1151 3782 14
1167 3725 1256 3793 Decii]

133 3819 242 3874 Adriani
260 3819 385 3873 Allata'us
401 3818 472 3873 Aelii
489 3818 651 3873 Fabricius:
672 3817 720 3871 sad
741 3817 845 3872 arcuit
862 3815 1024 3878 Fiiastrius,
1047 3829 1104 3867 aon
1127 3812 1258 3867 librarius

167 3909 286 3962 tatianus
305 3906 413 3976 quidam
431 3906 458 3961 Β
475 3907 596 3962 tacianus
616 3909 679 3961 auto
693 3905 720 3959 A
769 3907 801 3960 17
820 3904 947 3974 quasdam
965 3902 992 3956 A
1046 3905 1079 3959 18
1096 3901 1216 3972 prolatus
1230 3901 1256 3953 A

134 3997 167 4051 lo
183 3996 397 4066 protoplaustum
413 3994 442 4048 Β
458 3995 684 4066 protoplaustrum
701 3995 729 4047 A
746 3993 793 4049 sed
809 3999 905 4048 rante
922 4010 939 4046 u
959 3995 1094 4060 expuncta
1155 3992 1191 4046 20
1209 3988 1255 4042 de-

133 4084 230 4139 lerauit
247 4085 274 4138 A
308 4087 341 4142 21
362 4087 391 4139 ct
407 4083 435 4137 Β
452 4087 483 4139 ut
500 4085 527 4138 A
580 4084 664 4138 abicit
680 4084 708 4136 A
760 4081 840 4152 idque
858 4097 901 4136 om
918 4081 946 4133 A
998 4095 1075 4134 som
1093 4078 1120 4131 A
1154 4078 1188 4132 22
1202 4078 1257 4130 sta·

132 4175 222 4227 tatum
240 4172 406 4243 Sichcrdas]
426 4175 527 4226 statum
