2858 4620
217 287 257 350 76
398 278 574 335 FILASTRII
591 278 821 333 DIVDRSARVII
838 277 1029 333 HERESEON
1046 278 1154 333 LIBIIB

217 476 326 558 epulis,
351 475 535 556 inquorum
562 472 701 537 uanitate
718 472 795 563 suis
810 471 935 539 ,animis
961 473 1122 537 interitum
1150 472 1337 538 adferebant.

172 580 308 647 scena
331 584 435 645 autem
459 584 508 644 est
529 579 669 661 probatio
693 582 725 644 et
746 579 854 658 maior,
878 578 961 661 quod
983 577 1043 661 ipsi
1070 579 1184 663 pagani
1211 580 1241 643 in
1271 578 1338 645 suis

216 687 354 751 historiis
376 687 521 765 referunt,
541 688 623 771 quod
642 688 660 755 'a
677 687 801 771 Pagano
819 678 902 772 rege,
921 689 958 751 nt
981 687 1025 751 alt
1041 685 1199 751 Hesiodus
1219 686 1339 753 Grecos

216 796 317 875 poeta,
354 793 466 877 pagani
502 797 577 859 sunt
607 794 769 881 appellati:
807 794 860 876 qui
890 795 1000 878 postea
1031 812 1066 857 ex
1097 812 1170 877 rege
1201 794 1339 878 Pagano,

216 898 416 963 Deucalionis
449 899 512 964 filio
545 902 577 964 et
606 900 729 984 Pyrrae,
763 899 851 981 quasi
882 899 1049 982 plausibile
1081 903 1174 982 atque
1206 899 1340 966 amabile
1371 919 1392 960 s

216 1023 327 1069 nomen
358 1005 425 1069 eius
457 1005 616 1081 habentne,
648 1006 743 1070 immo
771 1005 876 1088 potius
907 1005 1043 1071 colentes
1066 1006 1247 1070 memoriam
1270 1003 1340 1070 eius

217 1129 316 1193 usque
353 1111 384 1174 in
420 1109 601 1175 hoiIIernum
634 1111 725 1189 diem,
757 1112 816 1176 hoc
847 1111 1041 1176 mendacium
1073 1112 1207 1177 nominis
1238 1129 1340 1193 usque

174 1218 194 1279 5
217 1235 297 1281 nunc
321 1216 459 1281 detinent
480 1218 683 1300 percolentes.
706 1217 816 1283 Hellen
839 1218 954 1300 itaque,
977 1217 1010 1282 id
1030 1221 1078 1283 est
1097 1216 1215 1283 Grecus
1234 1218 1340 1294 homo,

219 1340 236 1384 a
257 1322 365 1405 lingua
387 1325 419 1386 et
442 1341 459 1386 a
481 1323 603 1387 nomine
622 1323 704 1408 regis
723 1323 846 1399 dicitur,
856 1323 864 1390 l
875 1323 928 1406 qui
946 1324 1007 1388 fuit
1024 1323 1224 1409 Deucalionis
1242 1322 1340 1400 filius,

219 1429 273 1509 qui
307 1428 353 1492 ita
389 1429 562 1511 appellatus
599 1433 657 1507 est,
694 1430 777 1494 sicut
812 1429 850 1493 ab
881 1429 960 1494 Italo
991 1430 1064 1494 Itali
1101 1432 1133 1495 et
1162 1430 1295 1495 Romani
1322 1449 1392 1495 aso

218 1533 350 1598 Romulo
374 1537 405 1598 et
423 1534 523 1598 Latini
542 1553 560 1598 a
576 1534 686 1600 Latino
705 1552 815 1600 noman
835 1539 1029 1618 acceperunt,
1048 1554 1107 1601 non
1127 1535 1165 1600 ab
1182 1535 1340 1600 idolorum

177 1641 196 1705 6
218 1640 386 1722 impletate.
409 1641 496 1705 Idola
519 1641 643 1719 etenim,
667 1640 699 1704 id
727 1644 775 1705 est
801 1642 916 1706 formas
944 1641 1150 1724 sculptilium,
1177 1641 1340 1706 hominum

218 1749 327 1828 postea
361 1744 514 1832 possImal
533 1747 679 1811 uoluntas
716 1747 844 1812 inuenit.
881 1747 1033 1831 Linguam
1070 1751 1175 1811 autem
1207 1745 1340 1812 Grccam

218 1852 393 1933 prouinciae
416 1852 509 1918 unlus
532 1852 703 1936 proprietas
732 1852 910 1930 declarauit,
938 1872 1030 1936 quam
1056 1872 1109 1917 rex
1136 1870 1276 1935 paganus
1303 1872 1341 1916 ex

220 1977 276 2031 suo
308 1958 430 2023 nomine
463 1957 666 2035 confirmauit,
699 1963 735 2024 ut
765 1960 920 2025 Romanos
952 1959 1104 2024 Romulus
1136 1959 1332 2041 nuncupauit
1358 1975 1387 2020 ss

220 2068 252 2128 et
282 2068 319 2130 ut
350 2065 394 2129 ait
418 2064 575 2130 Hesiodus
604 2084 622 2128 a
650 2064 748 2130 Greco
779 2085 851 2151 rege
882 2066 980 2130 fuisse
1009 2064 1125 2130 Grecos
1155 2065 1340 2148 appellatos,

221 2171 274 2252 qui
299 2168 417 2235 Greous
441 2171 563 2235 nomine
585 2169 668 2235 filius
691 2170 753 2236 fuit
773 2171 986 2236 Deucalionis.

703 2430 858 2496 LXXXIV

134 2600 207 2657 CXII
265 2589 335 2653 Alia
363 2593 411 2654 est
437 2589 554 2653 heresis
576 2608 660 2671 quae
688 2588 765 2654 dicIt
790 2590 943 2654 incertum
970 2608 1131 2653 numerum
1155 2605 1223 2654 esse
1247 2606 1342 2653 anno-

219 2716 288 2759 rum
317 2716 334 2760 a
360 2696 467 2760 mundi
500 2695 627 2780 origine,
658 2700 690 2760 et
716 2697 855 2779 ignorare
882 2694 1022 2759 homines
1045 2693 1198 2758 curricula
1219 2695 1341 2775 tempo·
1359 2710 1384 2752 sa

220 2822 300 2877 rum,
333 2820 403 2866 cum
435 2803 472 2866 ab
499 2801 598 2865 Adam
629 2820 729 2884 usque
757 2801 794 2865 ad
822 2801 977 2865 diluuium
1001 2801 1107 2864 decem
1130 2800 1195 2864 sint
1215 2818 1340 2882 genera·

221 2907 323 2972 tiones
360 2911 392 2972 et
427 2926 576 2972 annorum
611 2907 672 2972 dno
708 2906 795 2971 milia
826 2907 950 2971 ducenti
983 2911 1013 2970 et
1044 2903 1247 2989 quadraginta
1277 2903 1340 2969 duo

223 3014 303 3090 anni,
342 3017 373 3078 et
403 3032 421 3076 a
453 3013 571 3077 diluuio
609 3031 709 3096 usque
747 3011 786 3076 ad
822 3012 1034 3077 confusionem
1068 3011 1244 3095 linguarum
1281 3009 1340 3074 sub

222 3119 327 3184 Heber
348 3123 466 3195 sancto,
490 3119 625 3203 quinon
649 3121 847 3184 consenserat
869 3118 1074 3184 aedificationi
1100 3116 1204 3202 turris,
1233 3114 1342 3198 quinta

224 3226 266 3288 sit
288 3227 454 3309 generatIo,
478 3245 573 3309 paene
596 3226 731 3290 sescenti
754 3227 834 3302 anni,
859 3225 979 3308 qnando
1007 3228 1040 3290 et
1065 3225 1190 3289 nomina
1215 3220 1341 3304 prouin-
1359 3237 1388 3280 ns

224 3332 341 3395 ciarum
369 3330 472 3395 diuisa
498 3335 581 3408 sunt,
609 3330 709 3395 ueluti
732 3330 930 3414 septuaginta
952 3330 1087 3414 quInque
1109 3330 1287 3412 linguarum
1310 3330 1342 3391 et

313 3523 326 3576 l
346 3520 427 3574 Exod.
445 3519 545 3574 XXXII
564 3522 580 3574 6
632 3517 775 3575 3Hcsiod.
795 3519 908 3589 catalog.
926 3518 1020 3589 fragm.
1039 3519 1071 3572 21
1091 3518 1177 3572 Raach
1236 3519 1269 3572 16
1286 3517 1341 3571 He·

225 3609 292 3664 siod.
312 3609 426 3682 catalog.
444 3609 538 3678 fragm.
557 3610 591 3663 24
608 3608 695 3662 Itaaoh
790 3622 793 3625 ·

261 3722 441 3780 lafferebant
457 3723 485 3778 B
570 3723 636 3779 2in
656 3723 826 3792 suis-poeta
842 3721 941 3797 pagani
958 3737 1000 3775 om
1017 3720 1044 3773 A
1130 3718 1298 3790 tpsssibila
1315 3717 1343 3771 A

224 3812 359 3868 8helleni
376 3813 404 3867 A
466 3813 501 3868 10
518 3811 558 3865 ita
576 3811 604 3865 Β
621 3811 702 3865 Italus
719 3813 746 3866 A
824 3809 883 3864 itali
901 3809 928 3863 A
945 3810 985 3862 ita
1002 3809 1029 3862 B
1101 3809 1203 3862 romani
1221 3823 1237 3860 a
1253 3805 1281 3859 B
1299 3825 1342 3861 ro·

226 3918 304 3955 mana
321 3904 349 3960 A
368 3906 396 3970 (n
413 3900 445 3953 ia
461 3903 519 3967 raa)
587 3900 622 3955 12
640 3899 710 3953 enlm
728 3899 755 3952 A
819 3900 856 3953 20
873 3914 889 3951 a
906 3911 949 3952 om
965 3897 992 3950 A
1052 3898 1085 3953 21
1102 3894 1285 3967 generationis
1303 3895 1342 3949 B²

226 3993 260 4046 22
274 3993 302 4044 et
315 3989 424 4047 ducenti
437 3990 504 4043 etB
556 3987 659 4044 aeaA
672 3985 707 4052 sd
720 3986 747 4040 B
817 3984 996 4041 confusionem
1010 3985 1037 4038 B
1051 3982 1302 4039 consummationem
1316 3983 1343 4036 A

226 4081 264 4135 24
281 4078 346 4132 turri
359 4078 386 4132 A
455 4079 490 4132 25
507 4076 623 4130 sexcenti
636 4075 663 4129 A
732 4075 766 4130 26
783 4074 955 4145 septuaginta
973 4072 1061 4142 quinq:
1075 4072 1102 4125 B
1115 4071 1302 4142 septuaquinq:
1316 4069 1344 4123 A

228 4166 325 4220 LXXII
343 4166 493 4220 Siatardaa
