2858 4620
556 269 844 337 Prolegomena.
1141 269 1264 334 XXVII

138 463 278 528 eiusdem
301 463 492 527 recensionis
516 463 671 543 exemplar
694 461 833 526 extitisse
857 465 992 526 testatur
1013 461 1103 525 index
1130 461 1264 546 catalogi

138 588 217 634 saec.
241 567 287 633 XI
306 571 362 632 ¹uel
384 570 444 633 XII
472 568 555 652 apud
584 567 621 633 G.
646 567 818 631 Beckerum
843 571 975 652 catalog.
998 567 1142 631 biblioth.
1167 567 1262 650 antiq.

137 695 166 738 11.
192 676 232 739 76
257 695 286 756 p.
313 676 386 752 181,
411 674 596 739 mabbo
622 673 770 737 Filiostri
797 675 928 755 episcopi
954 675 992 737 de
1018 673 1157 736 omnibus
1181 673 1262 737 bene·

135 780 220 845 sibus
242 783 277 844 in
300 803 357 866 quo
384 778 563 845 Ambrosius
586 781 623 845 de
645 781 753 861 Ioseph
776 784 803 844 et
826 781 862 844 de
884 779 1138 844 benedictionibus
1155 779 1263 860 †pno-

135 886 299 966 pbetorum
321 892 349 951 et
371 889 517 967 expositio
534 887 728 968 psalmorum
750 909 770 949 o
792 888 905 950 ‘beotus
926 887 980 950 uir
997 886 1050 967 qui
1068 887 1152 949 timet
1170 886 1264 949 domi-

137 995 221 1056 nnm‘
247 1014 343 1074 usque
371 994 461 1058 ‘beati
487 993 688 1058 immaculati
709 995 744 1057 iu
766 1014 826 1057 uno
849 993 1012 1057 uolumine.
1048 994 1089 1056 rt
1111 1011 1146 1056 ex
1168 991 1262 1056 titulo

137 1097 277 1163 Filastrii
300 1101 401 1184 operte
420 1104 458 1165 ot
476 1120 511 1164 ex
528 1100 617 1164 libris
637 1119 708 1164 cum
728 1119 763 1164 eo
784 1099 957 1163 coniunctis
975 1099 1067 1164 facile
1086 1099 1263 1182 agnoscitur

135 1204 286 1269 librorum
315 1204 511 1271 corbeiensis
544 1206 672 1270 alterius
705 1209 736 1270 et
762 1205 1012 1270 vindobonensis
1044 1204 1175 1268 familia:
1212 1223 1262 1268 su·

137 1311 276 1392 spicetur
293 1312 384 1376 facile
405 1312 508 1393 quiuis
527 1313 695 1376 monachos
715 1310 917 1381 corbeienses
935 1311 1083 1375 fratribus
1102 1309 1261 1375 monachis

138 1415 168 1481 S.
192 1417 355 1482 Maximini
378 1418 622 1482 Treuerensibus
646 1417 861 1482 commodasse
884 1436 1039 1481 unacum
1063 1417 1131 1480 uita
1148 1415 1178 1481 S.
1196 1416 1261 1479 Ma·

135 1522 243 1587 rimini
265 1523 404 1588 Filastrii
427 1524 506 1589 istos
530 1528 561 1588 et
578 1524 736 1588 Ambrosii
757 1524 863 1587 libros.
887 1523 1015 1587 Praeter
1036 1523 1146 1588 horum
1169 1521 1262 1585 libro·

136 1648 205 1692 rum
228 1630 346 1694 nuIIIns
371 1631 488 1695 codicis
513 1631 567 1712 qui
584 1631 767 1695 Filastrium
791 1630 977 1695 continuerit
1000 1628 1037 1693 ad
1060 1647 1117 1693 nos
1137 1627 1261 1710 quidem

136 1737 280 1817 peruenit
302 1736 424 1801 notitia.

181 1839 283 1906 sicuti
308 1841 448 1906 Filastrii
479 1843 558 1907 liber
589 1843 725 1924 primum
758 1842 860 1906 editus
894 1844 943 1905 est
970 1861 1005 1906 eo
1032 1844 1172 1923 tempore
1200 1859 1261 1921 quo

136 1947 320 2011 Asianorum
346 1947 467 2012 haeresi
491 1948 731 2030 perturbabatur·
753 1946 903 2012 ecclesiae
925 1966 984 2031 pax
1007 1946 1187 2024 catholicae,
1212 1945 1261 2009 de-

135 2052 206 2117 inde
237 2056 423 2117 retractatus
452 2058 501 2118 est
527 2057 559 2118 et
584 2054 698 2117 iterum
726 2053 830 2119 editus
858 2072 929 2118 cum
952 2053 1090 2118 Nestorii
1112 2053 1260 2118 doctrinis

137 2160 328 2243 angebantur
355 2159 428 2223 fidei
455 2161 626 2225 catholicae
654 2161 841 2238 defensores,
864 2161 909 2224 ite
935 2160 1063 2225 tertium
1087 2159 1189 2223 editus
1213 2163 1262 2227 est

136 2266 275 2348 episcopi
305 2266 385 2331 liber
412 2266 581 2331 BrixIensis
612 2267 784 2350 impressus
816 2267 1049 2350 typothetarum
1076 2266 1166 2330 nouis
1197 2285 1260 2328 ma-

136 2371 236 2436 chinis
259 2372 340 2436 inter
362 2372 469 2436 turbas
494 2376 525 2436 et
547 2373 703 2437 tumultus
726 2373 877 2437 ecelesiae
899 2373 931 2436 in
951 2371 1115 2438 Germania
1138 2374 1259 2435 coortos

136 2496 217 2542 saec.
235 2477 310 2542 XVI
332 2479 458 2542 ineunte
481 2479 540 2542 hoo
562 2479 657 2543 titulo
682 2483 823 2544 ornatus:
848 2477 1014 2542 Pbiiostrii
1034 2476 1168 2558 episcopi
1184 2475 1258 2540 Bri·

134 2584 252 2647 oiensis
282 2583 455 2647 boeneseom
486 2584 650 2668 ootobpns.
694 2582 755 2648 ou
785 2585 922 2648 adiectus
953 2588 998 2647 est
1032 2583 1260 2648 cruditissimus

136 2687 253 2753 Iibettus
276 2688 453 2770 Lonfnonci
474 2689 606 2770 episcopi
631 2688 888 2754 Comibuorieusis
914 2690 951 2753 de
973 2686 1171 2753 Sacramento
1193 2687 1259 2752 Eu·

136 2795 301 2859 choristioe
335 2796 486 2860 oduersus
520 2794 758 2877 Bereuporium.
795 2795 887 2859 Nunc
921 2816 1025 2859 recens
1057 2795 1140 2861 editi.
1180 2792 1258 2859 Cum

132 2903 238 2983 pretio
269 2907 297 2965 ct
326 2901 501 2984 pniudepio:
539 2921 632 2984 quem
663 2902 762 2967 edidit
793 2903 933 2967 Basileae
961 2902 1075 2966 XXVI.
1102 2900 1255 2966 Nouemb.

137 3027 214 3072 anno
240 3010 323 3072 1528
346 3010 477 3073 Ioannes
501 3009 681 3074 Siohardus.
706 3006 815 3087 burin
835 3009 907 3072 Itbri
924 3009 1115 3092 praefatione
1133 3007 1172 3071 ad
1188 2999 1300 3071 Bar-¹⁰·
1308 3001 1414 3096 ffitffi‘

136 3116 291 3178 thasarem
329 3113 411 3194 apud
443 3113 625 3178 Caesaream
660 3113 857 3179 maiestatem
888 3112 1186 3178 vicecancellarium
1222 3113 1259 3176 de

136 3237 287 3284 nonarum
310 3238 413 3282 rerum
438 3219 542 3282 studio
567 3222 598 3282 et
621 3219 658 3283 de
682 3219 800 3283 saeculi
821 3219 949 3283 licentia
971 3214 1042 3282 cum
1070 3220 1259 3299 conquestus

137 3326 178 3389 sio
205 3325 272 3410 (fol.
298 3321 372 3409 2u),
409 3321 506 3387 (iuius
532 3324 588 3402 rei,
616 3325 726 3407 inquit,
751 3346 819 3388 eum
845 3345 893 3388 me
918 3324 1108 3388 uehementer
1127 3323 1258 3404 piperet

135 3432 259 3496 iuterim
287 3435 388 3494 tomen
415 3431 457 3494 od
482 3442 634 3495 summum
663 3432 901 3513 desperationem
926 3431 1126 3495 nibilominus
1156 3429 1260 3492 omnio

135 3543 302 3621 conparent,
325 3541 461 3601 ueterum
486 3539 611 3619 scriptis
638 3537 770 3602 dotorem
795 3538 932 3602 ulciscor.
967 3537 1012 3600 Et
1032 3538 1077 3601 sic
1098 3537 1171 3600 dum
1194 3534 1260 3598 otio

137 3650 225 3729 utque
248 3644 322 3721 otio,
346 3645 393 3707 ito
414 3648 450 3707 ut
472 3645 616 3725 temporis
637 3644 718 3707 notio
741 3645 891 3719 admonet,
914 3644 1024 3708 cotidie
1046 3645 1110 3724 edo,
1135 3663 1260 3707 commo

136 3752 209 3813 dum
235 3754 345 3813 noctus
370 3770 439 3813 sum
466 3749 607 3832 beneficio
631 3750 849 3814 humanissimi
872 3751 938 3814 uiri
963 3754 1053 3830 otqem
1074 3749 1259 3829 afflictorum

135 3857 306 3920 studiorum
341 3856 472 3918 uroximi
496 3856 635 3938 potroui,
667 3856 811 3921 Muttine
833 3877 853 3920 o
876 3853 1075 3922 Soroecostro
1108 3854 1260 3936 Officiotis

137 3962 344 4039 Treueneusis
367 3960 583 4041 Lonfnoncum
605 3961 794 4044 Episcopum
816 3961 1088 4037 Ooutbuorieusem
1109 3962 1260 4026 aduncus

135 4067 362 4150 Berenporium
376 4115 383 4130 .
399 4117 406 4132 .
422 4116 428 4129 .
443 4065 506 4150 (tot.
529 4069 592 4150 3u)
623 4067 786 4132 Ooeterum
812 4069 893 4153 quod
917 4069 960 4132 od
981 4067 1187 4132 Pbitostrium
1214 4070 1259 4128 ot

137 4175 211 4237 tinet
242 4170 440 4246 Briuieusem
471 4171 661 4256 Episcopum
676 4223 683 4236 .
698 4222 705 4237 .
720 4223 727 4237 .
742 4173 806 4258 (fot.
831 4176 887 4256 dr)
917 4173 1012 4237 Hunc
1042 4193 1098 4238 nos
1129 4172 1260 4237 libellum
