2858 4620
210 173 281 252 118
404 168 582 242 omasum
597 167 829 226 DIVRRSARVM
844 167 1037 224 musaeu
1053 168 1159 224 LIBER

147 351 150 355 ’
216 363 437 431 indicabantur
458 384 477 430 a
498 364 623 431 domino
646 384 701 449 per
723 366 917 450 scripturam,
930 370 1034 448 'atque
1059 365 1106 431 ita
1131 365 1344 444 nuntiabatur,

218 490 257 536 ne
277 471 508 537 ‘maledicerent
533 471 599 536 suis
627 470 808 536 doctoribus
834 472 868 536 et
893 471 1064 555 prophetis,
1089 471 1183 538 iustis
1206 475 1240 538 et
1260 472 1343 539 aliia.

739 728 823 799 CXX

67 893 201 953 cxhvssl
251 889 344 956 ‘Sunt
374 890 501 973 quidam
531 888 662 955 heretici
686 889 828 974 legentes
855 889 886 954 in
910 888 1024 956 Genesi
1052 892 1090 956 de
1112 876 1347 957 Melchisedech

218 996 378 1062 sacerdote
410 1000 503 1078 atque
533 1015 617 1081 rege,
650 995 705 1078 qui
735 999 803 1060 erat
827 996 859 1061 in
884 995 988 1062 Salem
1015 989 1144 1063 ciuitate
1170 1000 1247 1062 tuuc
1268 1000 1347 1063 tem·
1376 1011 1390 1052 ⁸

217 1103 302 1188 poris
332 1088 395 1168 ita
409 1102 567 1168 nominata
597 1102 656 1166 sub
682 1101 840 1168 Abraham
870 1102 1054 1169 beatissimo
1083 1103 1270 1186 patriarcha,
1309 1103 1348 1168 de

219 1228 280 1292 quo
303 1208 349 1272 ait
370 1207 534 1290 scriptura,
558 1207 624 1273 sine
646 1211 745 1291 patre,
768 1208 834 1273 siue
856 1212 956 1274 matre
978 1227 1051 1273 eum
1072 1208 1173 1274 fuisse
1194 1208 1347 1294 genitum,

175 1315 195 1377 2
218 1348 264 1382 m
288 1333 369 1379 cum.
382 1314 425 1379 sit
451 1314 511 1379 hoc
538 1313 727 1380 centrarium
757 1313 802 1378 ita
829 1314 954 1379 sentire.
987 1312 1149 1397 Scriptura
1176 1313 1259 1379 enim
1286 1333 1346 1381 nou

219 1421 257 1485 de
280 1421 394 1494 carnali
416 1439 489 1484 eum
512 1420 709 1504 generatione
731 1419 851 1484 editum
874 1438 943 1485 esse
965 1420 1103 1505 negauit,
1123 1421 1178 1485 sed
1196 1419 1235 1486 de
1251 1420 1347 1494 iustis

174 1557 176 1562 ¹
219 1546 291 1592 eum
322 1545 382 1592 non
415 1526 555 1611 genitum
581 1525 762 1608 parentibus
790 1524 972 1604 declarauit,
1000 1525 1053 1608 qui
1080 1525 1213 1590 naturali
1240 1520 1347 1592 studio
1365 1519 1401 1581 ιι

219 1614 263 1698 ἅθ’
293 1631 438 1698 mandato
473 1631 604 1713 pristino
641 1631 680 1695 ad
712 1633 839 1696 ‘tautam
876 1631 993 1698 Christi
1031 1631 1202 1715 peruenire
1233 1632 1350 1698 meruit

220 1738 392 1814 scientiam,
424 1741 470 1815 ut,
503 1756 582 1820 quae
610 1737 835 1818 aparentibus
867 1735 1023 1804 suislnon
1050 1736 1200 1816 audierat,
1221 1737 1348 1822 proprio

219 1847 324 1909 tamen
355 1843 459 1909 studio
490 1843 609 1909 maiora
635 1841 751 1908 Christi
780 1843 930 1927 mysteria
959 1862 1016 1926 per
1046 1843 1226 1908 mandatum
1254 1861 1349 1930 agno·

220 1952 321 2016 semet
352 1949 516 2027 offerenda,
548 1967 621 2014 cum
652 1948 737 2014 dieat
768 1948 911 2015 domiuus
942 1968 998 2031 per·
1031 1949 1212 2032 prophetas:
1249 1948 1349 2015 Eece

220 2075 292 2140 ego
314 2054 420 2120 facio
444 2072 560 2133 noua3
585 2056 630 2118 et:
653 2054 890 2138 Priusquam
914 2055 1089 2133 ueniant,
1108 2054 1391 2121 adnuntiatae

221 2163 315 2227 sunt
337 2160 469 2235 uobis3
494 2164 539 2225 et:
562 2159 699 2226 Nolite
726 2160 959 2227 meminisse
986 2161 1220 2243 praeterita
1246 2179 1348 2245 quae

175 2269 259 2332 3in
284 2267 373 2351 lege
400 2266 623 2332 carnaliter
650 2266 759 2332 dicta
786 2269 888 2331 sunt.
919 2267 960 2331 ut
987 2268 1126 2331 saluator
1152 2266 1209 2331 ait:
1235 2264 1350 2346 Quod

220 2373 403 2438 nascitur
434 2372 479 2437 de
511 2391 636 2444 earne.
669 2390 758 2438 earo
791 2375 861 2451 est,
895 2375 935 2436 et
961 2372 1063 2460 quod
1089 2372 1276 2437 nascitur
1303 2373 1349 2438 de

221 2479 381 2562 spiritu,
405 2474 578 2560 spi'ritue
602 2482 673 2545 est.
697 2478 743 2544 De
766 2478 826 2545 hoe
848 2478 930 2544 enim
953 2497 1025 2544 oum
1049 2477 1136 2557 dicit,
1159 2477 1226 2543 sine
1248 2481 1348 2561 patre,

220 2585 287 2651 sine
318 2588 416 2649 matre
447 2584 576 2663 editum,
605 2584 671 2650 sine
697 2584 864 2650 traditione
891 2587 983 2667 atque
1006 2583 1145 2650 doctrina
1166 2587 1351 2672 parentum]
1366 2603 1394 2643 ιι

220 2700 294 2756 eum
316 2691 415 2755 fuisse
437 2688 655 2773 inquisitorem
677 2691 831 2772 scriptura
851 2689 1018 2769 nuntiauit,
1041 2693 1213 2772 naturaque
1238 2692 1349 2772 poten·

220 2802 285 2862 tem
316 2816 352 2862 ae
383 2815 528 2880 capacem
560 2796 704 2863 caelestis
718 2796 912 2880 sapientiae,
940 2795 973 2860 id
996 2800 1045 2861 est
1067 2795 1184 2863 Christi
1204 2796 1350 2880 mysterii

308 3019 627 3099 4GeullIV18eepq.
681 3019 890 3078 anatome
945 3021 983 3077 14
1000 3021 1043 3076 Es.
1058 3020 1147 3075 XLIII
1161 3022 1193 3076 19
1248 3021 1348 3078 lons

221 3109 396 3165 xuvlncr
423 3109 520 3166 161⁴}c.
537 3109 626 3164 xum
644 3109 677 3164 18
732 3110 766 3165 17
784 3107 937 3164 Ioumo

259 3267 274 3322 1
294 3266 481 3322 indicabantur
497 3266 656 3336 Faba-icisse]
676 3266 865 3321 iudicabuntur
950 3269 968 3323 2
988 3266 1068 3320 iustis
1087 3269 1115 3320 et
1131 3267 1205 3340 Aet
1222 3264 1303 3320 iustis
1320 3266 1348 3320 Β

222 3354 322 3413 4Hoc
338 3361 423 3424 eaput
438 3355 526 3410 solum
542 3354 667 3408 amauit
683 3353 777 3409 codd
850 3354 973 3424 legentes
991 3353 1104 3408 heretici
1120 3352 1148 3406 Β
1226 3353 1349 3409 melcise-

223 3441 310 3497 decO
359 3441 495 3512 dadqzo
563 3443 703 3498 ciuitatem
716 3441 770 3496 ΒΟ
815 3445 897 3498 8η.
915 3441 1044 3496 addace
1060 3442 1128 3496 dccc
1138 3442 1202 3510 sere
1219 3448 1348 3511 apparet:

223 3533 304 3600 atque
326 3548 380 3586 non
402 3529 593 3602 intellegentes
615 3531 745 3586 uirtutem
765 3531 955 3601 temptaturum
978 3530 1120 3584 carnaliter
1136 3528 1282 3599 opinantur
1297 3529 1349 3585 hee

221 3619 306 3674 fumes
325 3619 427 3674 dietum
498 3619 536 3675 eie
553 3620 581 3675 A
650 3636 705 3673 non
723 3631 766 3674 om
783 3620 825 3673 A
862 3609 997 3674 teamali
1014 3634 1075 3672 enm
1092 3616 1349 3686 Anemuriensis

100 3730 102 3734 ’
223 3711 254 3766 11
273 3707 372 3762 meruit
388 3707 571 3778 perueniret}
614 3706 880 3778 12qc01queo²
924 3705 1145 3763 lamentariae
1186 3707 1225 3764 14
1243 3705 1348 3760 dieitA

224 3798 260 3853 15
282 3797 442 3851 annuntiata
463 3795 492 3850 Β
581 3797 615 3853 16
636 3796 784 3866 praeterita
805 3813 873 3866 qnae
895 3795 949 3850 ΒΟ
968 3796 1081 3866 preterit
1097 3794 1136 3849 Al
1159 3797 1215 3864 stup
1234 3794 1294 3850 cdd
1309 3791 1348 3848 A²

225 3886 259 3943 17
278 3885 352 3940 dieta
367 3884 423 3939 AB
440 3886 541 3956 scripta
562 3885 585 3939 0
655 3885 691 3941 18
708 3883 741 3938 de
759 3884 994 3961 earne-nascitur
1010 3901 1053 3940 oar
1071 3885 1097 3937 A
1166 3884 1204 3940 21
1223 3899 1285 3938 eum
1297 3880 1350 3936 Βθ

224 3973 290 4029 (lum
303 3974 331 4029 A
401 3972 535 4028 canitura
547 3974 576 4029 Β
592 3975 725 4045 scriptura
741 3973 769 4028 A
820 3974 855 4030 22
878 3989 909 4028 ac
926 3989 1049 4044 capacem
1063 3972 1090 4027 A
1109 3971 1144 4027 ad
1161 3981 1259 4044 capace
1279 3969 1303 4026 0
1318 3985 1347 4025 ae

222 4069 316 4136 paceni
333 4062 361 4117 Β
431 4062 591 4133 sapientiam
610 4061 634 4116 0
