2858 4620
226 280 290 344 274
711 281 904 350 utique-uxor

263 470 370 525 uirtutis
389 476 436 528 aut
453 472 580 527 utffitatis
598 471 712 526 alicuius
729 472 786 533 136,
848 472 872 528 a.
890 472 952 537 113⁴,
971 472 995 526 6.
1017 472 1074 536 147,
1094 472 1118 525 5.
1138 471 1197 534 156,
1214 472 1232 524 4
1249 487 1305 525 non
1325 487 1346 526 u
1361 454 1377 541 ’ᾖ

263 559 406 624 1;153,6
433 562 555 616 caelestis
579 561 670 625 141‚1
700 558 787 613 erudi.
850 575 900 629 que
915 558 1003 614 dantis
1018 559 1191 615 eratinuidia
1206 558 1353 614 dominill

261 647 343 702 tionis
358 653 386 702 et
398 650 524 704 utilitatis
543 653 606 702 sunt
622 648 702 718 plena
715 642 787 714 79,6
848 649 878 712 43
898 647 957 713 148,
974 650 991 704 6

261 753 314 791 non
337 737 394 790 sine
417 738 535 791 utilitate
559 740 586 791 et
611 736 787 790 emolumento
814 739 952 792 utuntur
972 735 1041 790 libro
1065 736 1157 790 Sirach
1179 736 1221 800 56,
1244 735 1275 800 2;
1298 735 1346 800 50.
1365 734 1382 791 8

263 823 353 878 futuro
371 825 413 890 79,
432 826 447 879 7
467 825 646 879 conuersionis
665 841 743 879 causa
761 827 788 878 et
848 823 981 892 baptismo
1000 823 1042 886 55,
1060 825 1079 877 4
1100 823 1158 876 uita
1174 838 1227 876 non
1246 823 1300 877 alia
1319 825 1382 878 ute·

262 913 389 976 utilitatis
410 913 468 976 102,
486 914 503 966 3
849 911 947 965 bantur
967 911 1026 979 110,
1044 913 1060 966 5
1347 979 1349 983 ,

228 1000 370 1055 ostendens
387 1001 501 1071 utique
518 1001 595 1055 nobis
614 1000 686 1055 aliud
699 1001 787 1070 bapti·
815 1015 831 1053 a
848 999 1040 1053 uulneribus
1058 998 1231 1053 saluabantur
1248 1000 1292 1064 21,
1311 999 1330 1054 2
1390 990 1395 1023 ³

264 1106 347 1142 smum
377 1088 573 1144 concedendum
591 1089 634 1152 82,
654 1092 680 1153 5;
702 1090 743 1149 96,
763 1089 787 1147 2,
813 1091 845 1141 ut
863 1087 977 1158 uulpes
995 1087 1137 1142 latitantes
1154 1090 1197 1152 56,
1215 1087 1232 1142 3
1251 1087 1293 1143 bie
1394 1100 1404 1145 ·.

263 1178 306 1243 97,
324 1179 349 1232 5.
369 1178 470 1240 109,3.
490 1177 548 1242 128,
567 1178 592 1230 2.
613 1178 709 1240 129,4.
731 1177 788 1244 131,
814 1192 890 1232 uxor
909 1177 964 1230 eius
984 1175 1134 1242 16,1;84,
1153 1176 1178 1228 3.
1197 1175 1276 1240 24‚2
1398 1180 1401 1185 '
