2858 4620
560 299 846 378 Prolegomena.
1162 302 1266 368 XXXI

138 500 276 581 repetam
299 495 432 559 Arminii
454 495 617 578 Koechlyi.
641 495 750 559 Veluti
771 496 862 560 initia
885 514 971 578 capp.
995 497 1047 562 25.
1068 498 1120 560 26.
1140 497 1191 560 30.
1212 498 1263 562 50.

140 606 179 667 53
209 622 245 668 66
274 603 311 666 66
340 621 436 666 66666
461 602 554 666 modo
582 602 614 665 in
636 601 669 664 A
696 602 789 667 modo
813 602 843 665 in
866 605 1000 684 utroque
1028 603 1134 667 oodioe
1156 621 1266 668 manca

139 729 207 774 6666
240 713 369 793 apparet
397 709 481 790 quod
506 708 652 772 librarius
681 709 840 791 archetypi
868 708 1002 773 alicuius
1028 728 1139 792 parcus
1168 729 1264 773 mem·

138 817 261 893 branae,
287 835 357 880 cum
383 814 594 879 antecedentis
619 815 730 897 capitis
753 819 1042 879 uersusrertremus
1067 818 1152 880 esset
1174 817 1265 882 semi·

138 924 262 1006 plenus,
288 940 416 985 uersum
443 921 578 1003 primurn
606 921 680 985 noui
708 921 820 1004 capitis
848 941 907 987 non
931 923 963 986 in
986 921 1125 986 eiusdem
1154 923 1264 1005 capitis

138 1048 233 1094 uersu
257 1029 354 1093 altero
378 1027 487 1092 sedin
512 1027 725 1092 antecedentis
748 1047 860 1092 uersus
885 1028 986 1110 spatio
1010 1047 1110 1093 uacuo
1133 1028 1188 1094 illo
1211 1049 1265 1093 no-

134 1135 197 1201 luit
227 1135 420 1199 continuare:
455 1134 551 1197 uerba
573 1136 680 1198 autem
702 1133 758 1198 illa
779 1134 810 1197 in
835 1134 1047 1200 antecedentis
1071 1135 1182 1217 capitis
1205 1135 1265 1200 oxi-

138 1241 204 1305 tum
224 1241 340 1306 reiecta
357 1240 485 1322 periere,
505 1258 577 1304 cum
595 1258 655 1303 non
675 1239 874 1322 descripserit
891 1241 1036 1305 librarius
1056 1239 1130 1305 noui
1148 1241 1264 1305 codicis

136 1367 247 1430 parum
271 1347 414 1430 diligens.
438 1346 555 1410 Eadem
580 1346 617 1410 de
642 1364 736 1410 causa
758 1365 846 1429 capp.
872 1347 924 1410 42.
947 1349 997 1411 48.
1017 1348 1069 1411 66.
1089 1347 1135 1422 054
1153 1365 1264 1411 uersus

139 1453 410 1530 66666666666166
429 1453 551 1517 litteras
569 1472 611 1516 ne
625 1472 743 1516 nonum
762 1471 889 1517 uersum
908 1454 1105 1517 consumeret
1121 1452 1263 1536 paginae,

137 1559 181 1624 ita
209 1561 402 1624 contraxerat
427 1557 573 1623 librarius
602 1557 761 1640 archetypi
785 1561 817 1622 66
839 1561 1043 1636 mariaeerat,
1072 1561 1108 1622 ut
1131 1557 1183 1640 qui
1213 1558 1264 1622 de-

139 1666 329 1749 scripserunt
356 1683 447 1748 aegre
475 1684 641 1748 agnoscere
668 1665 836 1747 potuerint,
861 1665 1003 1729 nonnihil
1024 1667 1079 1728 aut
1100 1664 1132 1727 in
1157 1663 1185 1727 A
1210 1666 1263 1728 aut

138 1771 167 1836 in
196 1774 330 1854 utroque
356 1770 463 1835 codice
488 1773 652 1854 corruptus
677 1773 735 1834 666.
758 1771 892 1835 Lacunis
915 1771 1049 1854 propriis
1073 1770 1183 1835 deinde
1207 1769 1264 1834 666

138 1884 166 1940 A
198 1879 322 1942 laborat
353 1876 507 1960 plurimis,
536 1877 645 1959 paucis
679 1876 737 1941 cod
767 1877 807 1941 B.
844 1878 1056 1959 Archetypum
1089 1875 1205 1941 codicis
1232 1874 1264 1938 A

137 2004 247 2049 uersus
275 1985 339 2048 fere
366 1983 496 2068 triginta
521 1984 698 2048 litterarum
721 1983 869 2048 habuisse
892 1984 942 2048 his
966 1983 1121 2048 euincitur
1141 1981 1263 2045 lacunis

139 2109 216 2172 quae
238 2089 501 2155 homoeoteleutis
525 2108 585 2154 non
609 2090 672 2153 sint
693 2089 807 2153 factae:

139 2215 204 2279 cap.
251 2198 303 2274 92,
349 2197 369 2258 4
415 2215 529 2278 passus
552 2195 658 2277 itaque
682 2198 731 2260 est
754 2214 844 2259 carne
867 2193 1011 2278 passibili
1033 2213 1091 2259 non

389 2302 578 2374 <diuinitate
601 2302 784 2366 naturaliter
805 2301 1007 2385 inpassibili>
1030 2322 1079 2366 om
1100 2301 1132 2364 A

413 2409 467 2491 qui
491 2412 522 2473 et
545 2409 725 2492 agnoscitur
748 2414 780 2473 et
803 2409 939 2473 creditur
960 2427 1021 2472 non

389 2516 541 2588 <absente
564 2506 668 2579 tamen
693 2515 859 2579 diuinitate
883 2515 938 2580 sed
962 2525 1045 2590 oon>
1067 2534 1116 2578 om
1137 2513 1169 2576 A

137 2643 201 2707 cap.
249 2623 301 2700 96,
348 2617 1263 2704 3<etpurgarinecesseestquametmouerisaepa>omA

137 2749 202 2812 cap.
228 2731 301 2809 108,
349 2730 367 2791 5
392 2730 543 2801 (naturae
567 2727 685 2791 similes
709 2745 768 2790 666
794 2730 842 2790 666
865 2726 995 2790 dubium
1017 2726 1103 2797 nisi>
1124 2725 1218 2790 ornA

137 2856 201 2918 cap.
228 2837 301 2912 110,
328 2836 368 2898 10
393 2832 1261 2917 et(paganosrespuensquimediotempo>ra<>omA

136 2962 202 3026 cap.
229 2943 303 3015 129,
350 2944 370 3005 4
393 2940 518 3013 <tribus
541 2939 634 3004 malis
658 2940 839 3022 paganitate
861 2939 1040 3011 iudaismo>
1063 2959 1111 3002 om
1133 2938 1165 3002 A

61 3056 63 3063 '
179 3047 264 3128 Quas
295 3048 425 3111 lacunas
457 3045 645 3111 recensionis
673 3045 715 3108 Β.
738 3046 850 3110 auxilio
879 3046 978 3110 adiuti
1005 3065 1065 3110 non
1098 3049 1146 3109 est
1177 3044 1261 3127 quod

135 3170 321 3239 magnopere
355 3153 530 3218 doleamus:
564 3171 675 3216 uersus
704 3152 864 3235 archetypi
891 3153 995 3216 XXIX
1021 3153 1084 3216 fere
1111 3150 1260 3216 hahuisse

134 3261 255 3325 litteras
280 3261 407 3342 apparet
430 3258 562 3322 conlatis
585 3257 683 3322 initiis
709 3276 793 3340 capp.
818 3259 859 3320 30
883 3258 938 3321 ubi
960 3261 1091 3339 uterque
1116 3257 1260 3321 librarius
1350 3330 1352 3334 ¹

135 3367 251 3431 errauit
273 3369 305 3429 et
327 3366 370 3430 50
393 3364 448 3429 ubi
471 3363 503 3426 A
527 3365 629 3428 solus:

135 3493 201 3556 cap.
226 3473 268 3534 30
313 3470 491 3552 posthunc
513 3470 699 3534 menandrus
723 3469 850 3550 quidam
877 3471 999 3538 nomine
1015 3498 1058 3527 =
1073 3473 1113 3535 20
1137 3471 1258 3534 litterae

135 3599 201 3661 cap.
226 3581 267 3643 50
312 3581 387 3661 post
408 3578 488 3642 istos
511 3576 680 3641 theodotus
704 3576 831 3658 quidam
855 3577 952 3660 hynan
970 3578 1059 3641 A=
1073 3579 1115 3641 29
1126 3576 1259 3641 litterae.

177 3686 222 3749 Er
245 3684 353 3750 eodem
377 3683 544 3765 archetypo
569 3683 687 3746 saeculi
709 3682 737 3745 V
756 3683 808 3746 uel
826 3683 870 3747 VI
893 3686 924 3748 66
942 3684 974 3746 A
998 3683 1167 3747 deductum
1191 3700 1260 3745 6666

135 3795 167 3856 66
184 3789 217 3854 Β
239 3811 310 3855 cunr
333 3791 405 3854 istis
429 3792 571 3872 apertum
594 3787 630 3852 fit
651 3789 771 3853 lacunis
795 3792 864 3853 tum
887 3808 923 3854 eo
948 3790 1032 3871 quod
1052 3792 1183 3870 uterque
1202 3789 1261 3853 666

135 3917 201 3980 cap.
228 3899 300 3976 150,
325 3899 343 3959 2
372 3896 500 3978 praebet
526 3914 666 3971 concern,
689 3895 745 3958 nbi
766 3894 933 3978 legendum
957 3899 1006 3960 666
1027 3915 1167 3958 manera.

176 4003 373 4068 Felicissimo
385 4021 459 4067 casu
474 4001 571 4084 igitur
586 4001 691 4064 euenit
704 4003 741 4065 nt
756 4002 878 4067 duobus
889 4002 1116 4084 exemplaribus
1127 4000 1259 4066 seruatis

133 4110 314 4175 llilastrium
342 4108 501 4190 possimus
529 4107 582 4170 uia
605 4125 640 4169 ac
663 4108 781 4172 ratione
805 4127 985 4189 recuperare
1009 4107 1072 4171 fere
1093 4109 1259 4190 integrum.

135 4214 222 4294 Quae
255 4215 443 4297 exemplaria
465 4215 495 4277 in
521 4213 654 4303 singulis
677 4214 864 4277 lectionibus
889 4223 961 4276 6666
984 4213 1102 4294 passim
1125 4214 1204 4276 inter
1227 4231 1260 4276 se
