2858 4620
177 268 238 332 ΧΠ
593 265 880 334 Prolegomena.

179 460 295 543 scripta
317 478 385 524 esse
405 458 606 523 Parmeniano
631 457 800 522 etiamtunc
822 458 898 522 uiuo
922 478 1014 541 quem
1032 458 1231 523 statuendum
1250 461 1297 523 est

179 564 293 630 obiisse
316 583 394 629 anno
417 563 480 628 fere
503 563 575 629 392.
611 563 734 627 Etenim
760 563 820 627 hoc
843 581 920 628 anno
942 563 1144 629 Parmeniano
1167 563 1296 629 Primia-

176 686 255 737 num
277 672 403 752 apparet
425 668 618 734 successisse
642 665 822 752 (Augustin.
847 672 952 732 contra
974 668 1065 751 epist.
1087 668 1228 733 Parmen.
1251 668 1298 732 ΙΠ

179 794 246 857 cap.
270 777 360 856 3,18
385 778 490 840 contra
511 774 608 840 litter.
631 773 722 839 Petil.
739 773 755 837 I
774 792 839 857 cap.
862 773 986 858 1213)
1009 792 1080 838 cum
1105 774 1297 838 Primirnum

179 900 389 947 successorem
402 881 580 944 damnatum
593 897 661 944 esse
677 882 799 945 constet
812 879 944 945 concilio
956 879 1200 965 Carthaginiensi
1215 880 1297 946 facto

179 1006 258 1052 anno
291 989 354 1051 393
387 985 503 1070 (Marsi
535 985 644 1051 concil.
677 985 797 1051 collect.
831 989 906 1050 tom.
937 985 986 1050 111
1017 986 1167 1071 (Florent.
1201 985 1297 1070 1759)

180 1112 221 1176 p.·
240 1094 303 1158 843
337 1091 374 1158 G.
402 1091 566 1156 Rauschen
597 1091 791 1157 Jahrbhcher
821 1090 875 1156 der
911 1091 1029 1156 christi.
1060 1091 1175 1156 Kirche
1209 1094 1300 1156 anter

180 1197 373 1262 Theodosius
395 1197 544 1280 Freiburg
569 1197 651 1261 1897
675 1217 706 1280 p.
730 1197 804 1262 388.
828 1195 914 1282 398).
938 1196 1070 1279 Scripsit
1092 1200 1195 1261 autem
1217 1197 1300 1262 Fila·

181 1304 275 1368 strius
307 1303 423 1367 librum
453 1323 546 1367 suum
578 1321 638 1366 non
670 1302 709 1366 ad
741 1320 865 1386 gregem
897 1321 989 1367 suum
1021 1303 1212 1368 Brixiensem
1244 1303 1299 1368 sed

182 1409 264 1475 omni
292 1409 407 1492 populo
434 1409 583 1486 Romano,
607 1408 677 1471 urbi
706 1407 855 1473 uidelicet
877 1413 909 1472 et
931 1408 1007 1476 orbi.
1043 1409 1110 1474 Nec
1133 1409 1245 1473 desunt
1267 1409 1297 1473 in

179 1514 257 1580 libro
291 1513 357 1578 eius
390 1513 428 1577 de
459 1512 641 1577 haeresibus
671 1512 856 1577 urbanitatis
892 1515 944 1577 uel
979 1533 1080 1577 rerum
1112 1514 1298 1578 urbanarum

180 1606 317 1703 uestigia
347 1618 447 1683 ueluti
479 1618 632 1683 uocabulo
658 1617 733 1681 urbe
762 1618 976 1683 tantummodo
1004 1618 1133 1683 Romam
1163 1620 1300 1701 appellat

182 1728 348 1790 aeternam.
376 1742 448 1789 cum
475 1723 614 1788 ciuitates
641 1726 696 1788 aut
721 1723 814 1787 uittae
840 1723 982 1787 dicantur
1005 1723 1203 1789 Hierusalem
1229 1722 1300 1787 Ale·

179 1830 305 1895 xandria
335 1831 477 1913 Ephesus
508 1829 642 1911 Pepuza,
673 1831 742 1893 tum
774 1828 964 1892 Donatianos
995 1828 1031 1892 ¹in
1069 1828 1209 1912 catalogo
1241 1834 1298 1894 suo

182 1936 314 2018 scriptor
336 1936 439 2001 uoluit
462 1936 610 2018 appellari
634 1933 811 1998 Mouteases
831 1932 910 2019 (cap.
931 1933 995 2018 83),
1020 1953 1080 2016 quo
1103 1934 1226 1998 nomine
1247 1934 1300 1997 isti

179 2041 302 2106 heretici
323 2041 357 2104 iu
379 2039 571 2119 urbcRoma
593 2045 743 2104 uocantur
759 2043 841 2106 teste
858 2041 1035 2124 Augustino
1055 2040 1092 2104 de
1110 2039 1227 2104 haeres.
1247 2040 1299 2115 69,

182 2149 403 2213 commemorat
434 2147 567 2229 denique
600 2165 666 2228 cap.
691 2147 743 2223 24,
771 2146 790 2208 3
815 2165 912 2226 perus
942 2150 996 2209 aut
1026 2143 1213 2208 Groceomm
1244 2149 1300 2208 aut

180 2252 372 2330 Aniciorum,
406 2253 488 2335 quod
519 2272 578 2318 non
612 2253 893 2328 commemorasset,
926 2251 953 2315 si
983 2251 1115 2316 istorum
1151 2268 1298 2334 generum

181 2358 234 2441 qui
262 2361 348 2424 erant
373 2359 502 2424 Anicius
531 2358 710 2423 Auchenius
738 2357 868 2434 Bassus,
896 2358 1053 2421 restitutor
1075 2357 1198 2438 perraris
1219 2355 1299 2418 Aui-

180 2463 297 2528 ciorum
325 2465 378 2546 qui
405 2464 579 2546 appellatur
606 2462 671 2528 clu
692 2461 766 2526 XIV
790 2462 885 2538 2917,
907 2462 1083 2544 praefectus
1110 2463 1195 2526 urbis
1219 2480 1297 2525 anno

111 2567 113 2570 ’
181 2571 255 2648 382,
280 2571 311 2636 et
333 2569 445 2634 Furius
468 2570 606 2634 Maectus
631 2568 791 2634 Gracchus
813 2568 987 2651 praefectus
1010 2568 1096 2633 urbis
1124 2587 1201 2632 anno
1225 2568 1298 2633 376.

181 2675 243 2739 377
264 2674 431 2740 Christiani
453 2694 514 2741 non
536 2674 683 2739 fuissent:
709 2693 769 2756 qua
792 2673 829 2738 de
852 2692 885 2738 re
909 2674 1001 2739 certis
1019 2672 1208 2738 testimoniis
1227 2691 1297 2737 con-

181 2784 244 2844 stat
266 2779 353 2866 (conf
373 2778 471 2846 Seeck
495 2779 671 2863 Symmachi
693 2799 723 2861 p.
742 2778 845 2844 XCIII
865 2779 977 2862 Paulyi
1000 2782 1032 2844 et
1054 2777 1224 2843 Wissouae
1248 2796 1297 2841 en·

181 2887 298 2969 cyclop.
320 2905 344 2949 s.
363 2906 394 2952 u.
417 2886 545 2950 Anicius
565 2886 606 2949 30
631 2884 807 2969 Symmachi
825 2905 853 2967 p.
873 2883 1013 2969 CXXX):
1037 2903 1148 2966 nempe
1172 2883 1296 2948 easdem

151 3015 152 3018 ¹
181 2994 289 3076 gentes
303 2992 422 3058 nobiles
437 2992 576 3057 nominat
587 2991 775 3055 Prudentius
791 2993 898 3055 contra
912 2989 1294 3074 Symmach.1558eeqq.:

266 3116 328 3170 uou
350 3097 555 3161 Paatiuorum
576 3117 638 3160 uou
659 3096 832 3161 Bassorum
854 3095 1009 3160 dubitauit

263 3207 405 3284 prompta
428 3203 503 3282 tides
525 3202 600 3266 darc
621 3221 653 3266 se
673 3199 802 3266 >Christo
823 3202 1005 3285 stirpemque
1026 3199 1187 3282 superbam

264 3309 364 3392 peritis
381 3310 536 3390 patriciae
558 3313 686 3376 uenturo
708 3308 842 3372 attollere
862 3308 975 3373 saecu:

266 3415 332 3478 iam
352 3415 428 3494 occid
447 3414 608 3494 patimus
625 3434 807 3494 percurram
830 3412 964 3478 carmine
990 3410 1142 3477 Gracchos

266 3521 335 3584 iure
350 3521 513 3601 potestatis
533 3518 628 3599 fultos
650 3524 678 3583 et
699 3521 734 3583 ia
756 3540 825 3583 orca
845 3523 971 3583 senatus

263 3626 446 3707 praecipuas
467 3625 633 3690 simulacro
656 3627 745 3689 deum
769 3626 892 3690 iussisse
914 3623 1087 3688 reuelli...

224 3730 292 3812 Quo
316 3733 454 3814 tempore
477 3731 589 3794 librum
614 3751 706 3796 suurn
729 3731 888 3813 scripserit
909 3730 1085 3807 Filastrius,
1103 3729 1165 3794 iam
1188 3749 1223 3794 ex
1245 3727 1295 3792 his

180 3855 258 3925 quos
286 3835 378 3910 modo
405 3836 497 3919 posui
524 3855 670 3901 annorum
696 3838 832 3902 numeris
859 3837 935 3902 licet
961 3836 1187 3919 quodammodo
1215 3835 1295 3899 diui·

179 3941 254 4020 nari,
278 3960 350 4005 cum
381 3945 451 4006 ante
483 3961 595 4006 annum
622 3943 685 4007 379
717 3942 845 4007 Anicius
871 3943 925 4008 ille
951 3943 1066 4011 honore
1093 3941 1294 4026 magistratus

179 4065 239 4111 non
266 4045 455 4123 inclaruerit,
485 4066 561 4111 anno
590 4047 652 4110 382
682 4048 858 4130 praefectus
885 4047 970 4112 urbIs
996 4046 1104 4112 fuerit:
1136 4066 1230 4129 quare
1257 4047 1295 4111 ad

87 4140 89 4144 ⁴
179 4171 292 4215 annum
324 4152 386 4216 fere
413 4153 477 4217 383
505 4152 683 4237 detegamur
709 4154 761 4218 uel
788 4172 883 4220 annos
909 4154 992 4218 hunc
1019 4173 1132 4218 annum
1158 4153 1295 4237 proxime
