2858 4620
552 269 843 340 Prolegomena.
1197 274 1257 348 VII

136 466 253 530 destitit
275 463 381 548 fidelis
415 462 533 530 Ohristi
564 464 741 546 disu'pmtus.
777 463 852 531 Post
881 465 949 530 illos
981 467 1082 549 itaque
1113 468 1258 534 circuitus

136 571 314 635 amimurum
334 571 477 652 plurium
502 571 654 635 solutores
676 569 794 636 Briuiu
820 593 888 636 cum
914 573 1004 636 rudis
1030 572 1259 659 quouduused

137 677 251 756 cupido
277 676 434 741 doctriuue
453 677 646 758 prorueruit‘.
683 676 804 741 Etenim
832 677 863 742 111
885 679 990 743 11011110
1014 683 1120 744 coutro
1141 677 1258 744 hereses

137 802 241 847 omues
261 782 433 867 Augustini
454 784 551 848 uerba
573 801 667 866 supra
687 804 718 867 p.
737 783 785 848 Ill
805 785 910 865 posita
932 788 1155 868 agnoscuntur:
1178 803 1258 868 quae

137 889 175 951 de
201 887 347 954 Filastrio
370 888 540 954 Mediolani
568 890 777 954 commorante
803 893 972 969 narrantur,
994 891 1072 955 item
1094 890 1257 974 011111011-

63 1063 65 1068 s
138 994 213 1058 stini
235 995 304 1061 loco
321 994 382 1059 -1110
411 996 510 1078 petita
536 1014 604 1061 esse
632 997 767 1078 apparet,
795 994 832 1059 de
854 994 1006 1061 Auxentio
1028 995 1141 1060 Ariano
1166 995 1260 1060 refert

138 1100 268 1165 edoctus
301 1100 345 1166 eis
379 1120 456 1183 quae
489 1100 527 1165 de
558 1100 624 1166 uita
649 1101 805 1166 Ambrosii
835 1101 955 1166 clericis
987 1104 1036 1166 sat
1061 1104 1135 1167 nota
1162 1104 1257 1181 erant,

138 1205 271 1287 denique
297 1205 429 1272 Arianae
459 1204 605 1291 perfidiae
635 1206 817 1271 Filastrium
849 1206 1011 1284 obstitisse
1045 1227 1061 1271 0
1089 1205 1257 1272 Gaudentii

136 1310 325 1392 praefatione
358 1310 402 1397 (p.
431 1313 493 1376 218
523 1310 551 1377 0
576 1331 607 1394 p.
633 1312 706 1375 829.
735 1312 797 1375 830
824 1308 871 1395 Μ)
903 1296 1107 1375 intellexerat:
1140 1312 1256 1377 Romae

139 1435 210 1480 eum
232 1416 331 1482 fuisse
355 1420 594 1483 consentaneum
616 1417 778 1482 uidebatur
797 1418 827 1480 et
844 1415 1026 1480 uerberibus
1045 1436 1170 1481 caesum
1188 1436 1257 1483 esse

138 1524 170 1585 et
189 1521 337 1606 stigmata
360 1523 476 1590 Christi
498 1523 529 1588 in
548 1542 673 1608 corpore
693 1539 749 1587 suo
767 1521 948 1587 Filastrium
965 1525 1105 1606 portasse
1124 1523 1257 1588 libenter

139 1626 260 1690 addidit
286 1627 360 1709 quia
385 1628 572 1711 martyribus
601 1630 632 1693 et
657 1627 897 1711 martyrologiis,
921 1647 980 1709 quo
1003 1625 1142 1712 tenipore
1164 1631 1256 1693 natus

140 1734 189 1796 est
211 1751 312 1798 sermo
335 1733 407 1812 iste,
429 1733 568 1799 Filastrii
590 1733 758 1799 Brixiensis
782 1752 892 1797 nomen
920 1735 975 1796 aut
998 1732 1137 1797 additum
1163 1734 1255 1799 modo
1307 1815 1309 1819 Ι

137 1836 200 1901 fuit
226 1840 281 1902 aut
303 1838 375 1903 addi
398 1842 505 1905 auctor
527 1839 663 1904 uolebat.
698 1839 786 1904 Adde
809 1839 939 1921 denique
967 1838 1050 1921 quod
1072 1858 1173 1904 sermo
1195 1839 1256 1905 iste

137 1941 169 2005 in
197 1943 326 2026 reliquis
355 1945 435 2010 codd
458 1944 625 2011 Gaudentii
651 1965 711 2011 nou
737 1945 904 2023 inuenitur,
929 1947 1028 2010 exstat
1055 1944 1255 2010 1000101110
1314 1979 1316 1982 >

140 2046 305 2125 Brixiensi:
341 2070 412 2115 nam
444 2052 576 2115 altemm
607 2050 665 2116 cod
696 2051 885 2116 Brixiensem
915 2049 1164 2114 recentissimum
1195 2069 1255 2114 non

137 2172 221 2218 curo.
253 2155 362 2238 Itaque
394 2157 461 2222 iure
492 2177 549 2222 suo
576 2157 611 2221 h.
638 2158 673 2221 11.
701 2157 806 2240 Dupin
833 2155 925 2222 Noua
954 2155 1145 2221 bibliotheca
1172 2157 1252 2220 auct.

139 2260 312 2326 ecclesiast.
337 2266 412 2330 tom.
435 2263 483 2327 III
506 2262 612 2329 00101.
634 2262 763 2346 Agripp.
789 2263 871 2326 1693
894 2282 925 2345 p.
946 2263 1023 2326 143:
1046 2260 1254 2340 ‘Guudeutio‘‚

137 2363 250 2446 inquit,
277 2365 318 2430 B.
340 2366 506 2432 Philocteti
530 2369 631 2451 ipsius
658 2368 856 2433 autecessoris
877 2368 945 2431 uito
960 2416 968 2432 .
984 2415 991 2430 .
1009 2366 1116 2450 ‚uolyo
1139 2367 1255 2430 adseri·

138 2467 236 2534 titur:
256 2472 334 2537 mihi
355 2474 477 2554 quidem
499 2475 552 2539 hoc
573 2495 635 2538 uou
650 2475 747 2556 ptume
770 2475 813 2538 est
828 2492 1013 2554 persuasum
1030 2473 1116 2551 (conf
1130 2475 1206 2536 tom.
1224 2472 1255 2537 II

139 2574 246 2640 001011.
268 2577 398 2662 agripp.
424 2581 507 2645 1692
529 2602 560 2664 p.
584 2582 673 2665 423).
698 2580 838 2661 Scriptus
862 2583 910 2644 est
932 2597 1032 2643 sermo
1054 2578 1108 2643 1110
1130 2577 1254 2643 saeculo

137 2679 182 2743 IX
204 2681 328 2749 Ineunte
351 2688 406 2750 aut
428 2690 556 2751 exeunte
574 2687 703 2751 ‘saeculo
727 2685 803 2750 VIII
823 2685 945 2750 Brixiae
968 2684 1005 2748 ab
1028 2684 1153 2749 homine
1181 2702 1255 2765 quo·

138 2787 209 2852 ham
240 2788 295 2870 qui
320 2789 460 2856 Filastrii
492 2792 607 2876 gloriae
634 2795 671 2857 ut
697 2794 890 2857 succurreret
918 2788 1084 2855 Gaudentii
1114 2788 1255 2854 induerat

136 2913 313 2977 personam:
345 2898 488 2964 uersibus
517 2897 680 2983 sapphicis
709 2916 779 2963 eum
805 2896 979 2961 aemulatus
1012 2897 1060 2960 001
1085 2895 1254 2960 Β1111011010

136 3000 313 3083 nescioquis
335 3007 428 3085 poeta
450 3005 540 3070 cuius
564 3024 685 3070 carmen
708 3002 904 3068 acrostichon
926 3003 957 3066 in
980 3000 1087 3066 eodem
1108 3000 1166 3065 cod
1183 3000 1254 3064 111110

137 3106 252 3172 afolio
277 3109 352 3173 132·
373 3111 414 3193 (p.
433 3109 495 3174 377
520 3130 605 3194 seqq.
631 3109 659 3176 G
681 3130 711 3194 p.
733 3109 816 3174 1003
835 3127 920 3190 seqq.
938 3100 985 3192 M)
1009 3110 1167 3172 seruatum
1191 3109 1253 3172 est:
1365 3109 1367 3114 '

27 3211 29 3217 ’
97 3220 100 3230 ’
137 3217 191 3296 qui
220 3216 357 3299 apertius
385 3219 418 3280 01
444 3215 595 3281 sincerius
624 3235 716 3299 quam
745 3215 896 3282 sermonis
919 3215 1027 3278 auctor
1049 3211 1086 3277 de
1108 3212 1253 3278 Filastrio

136 3324 253 3387 fatetur
270 3342 301 3385 u.
326 3324 365 3386 21
392 3341 477 3404 seqq.
499 3322 659 3387 ‘Turribus
684 3339 814 3404 quorum
837 3319 961 3403 genitus
984 3317 1035 3383 hio
1057 3317 1119 3382 fuit
1139 3317 1253 3382 Nullus

137 3446 173 3491 ex
194 3426 283 3492 nobis
305 3421 448 3491 meminit
470 3430 552 3512 sapit
574 3430 651 3493 neo?
687 3426 784 3493 0111110
806 3424 943 3508 rhythmi
964 3424 1107 3489 meminit
1129 3425 1252 3490 saeculo

135 3533 180 3597 IX
210 3533 396 3615 Rumpertus
428 3533 594 3615 episcopus
626 3534 668 3616 (p.
692 3531 808 3597 39911
831 3528 872 3613 G)
898 3529 947 3594 his
974 3528 1092 3594 uerbis:
1127 3525 1200 3592 ‘Soet
1226 3533 1254 3593 ct

135 3637 336 3720 rhythmicum
361 3637 507 3722 hymmum
534 3659 622 3720 quom
648 3657 716 3720 erpo
743 3635 936 3702 securitatis
961 3632 1171 3698 Gaudentium
1192 3635 1253 3716 epi·

134 3764 257 3823 scopum
277 3743 385 3824 secisse
401 3745 510 3828 feruut
531 3747 656 3808 curatore
677 3743 714 3807 rte
732 3744 800 3824 ipso
817 3740 919 3806 sedule
937 3744 1142 3806 cousueuerot
1169 3738 1253 3804 Gau

135 3849 271 3913 dentium
301 3854 404 3913 aretem
429 3849 532 3930 ‚ipsum
559 3848 759 3930 composuisse
784 3848 867 3920 uuto,
895 3865 964 3910 cum
991 3843 1076 3925 huuc
1107 3845 1254 3930 aliterque

133 3973 242 4018 seusus
267 3956 389 4036 primur
415 3955 512 4020 leucoe
545 3955 587 4019 sit
623 3957 650 4018 et
676 3954 741 4035 ipse
766 3951 925 4036 rhythmus
951 3950 1094 4016 elrmcuto
1120 3951 1253 4015 uomiuis

133 4061 340 4141 compositoris
366 4060 417 4125 sui
436 4079 497 4140 per
523 4061 626 4141 cupito
651 4063 686 4124 ut
711 4059 757 4122 ito
783 4056 913 4121 dixerim
944 4076 1098 4134 uersuum,
1124 4056 1154 4120 si
1185 4056 1253 4136 quis

132 4165 281 4246 intrudat,
304 4166 422 4232 hoheot.
450 4164 560 4247 Capita
580 4184 730 4231 uersuum
754 4163 897 4228 carminis
921 4161 1086 4226 acrostichi
1109 4162 1253 4228 exhibent
