2866 4614
235 305 275 369 18
424 296 601 354 nunsnnu
617 295 847 352 unumunurn
864 293 1055 351 nnnnsuou
1073 293 1179 350 nmen

232 513 328 562 nonus
365 493 529 577 septimus,
562 495 599 557 ut
630 491 781 573 seriptum
814 494 863 556 est
892 490 924 555 in
956 488 1089 556 Actibus
1120 490 1351 573 Apostolorum,

231 603 402 684 posteaque
433 597 579 664 rooedens
612 597 650 663 ab
683 596 728 661 ais
760 599 853 678 atquo
885 615 903 660 a
934 615 1009 660 sana
1045 596 1185 661 doetrina
1220 596 1352 662 diuersis

189 705 208 769 2
232 706 385 773 erroribus
408 707 440 768 et
461 702 593 768 fallaciis
616 701 838 785 pessumdatus
861 704 919 767 est
953 698 1014 779 Qui
1039 701 1101 767 fuit
1122 702 1259 784 primum
1283 721 1352 767 anm

232 811 384 896 apostolis
413 812 445 874 et
476 807 632 892 Stephano
664 807 846 873 beatissimo
874 810 1018 892 martyre,
1047 807 1101 890 qui
1129 807 1206 873 dioit
1232 813 1264 873 et
1286 809 1353 893 ipse

232 912 366 984 uirtutes
389 934 459 981 esso
481 914 647 997 plurimae
670 914 751 979 unde
775 916 808 978 et
826 913 979 992 Gnostici,
1003 914 1056 996 qui
1077 914 1156 979 soire
1176 915 1354 1001 serniiquid
1384 935 1395 975 e

232 1007 354 1107 putant',
376 1021 508 1089 marimo
532 1021 731 1086 emerserunt.
754 1020 814 1085 Isti
831 1019 962 1085 Barbelo
985 1023 1173 1086 uenerantur
1191 1025 1223 1086 et
1239 1021 1354 1087 Noram

191 1128 388 1213 itqunndarn
418 1127 591 1206 mulierem,
622 1126 676 1191 alii
706 1127 811 1192 auum
839 1145 875 1191 ex
907 1126 952 1191 eis
980 1126 1162 1192 Ialdebaoth
1191 1128 1353 1211 quendam,

236 1234 289 1301 alii
320 1237 424 1299 autern
452 1232 605 1299 Caleoaun
638 1232 805 1298 hominem.
836 1232 954 1298 Dicunt
981 1237 1085 1297 autem
1113 1236 1144 1298 et
1166 1232 1280 1318 dogma
1301 1252 1354 1316 po·

192 1339 343 1406 Arentes
365 1339 439 1405 ista:
462 1338 553 1418 Anto,
576 1338 690 1422 inquit,
714 1342 801 1404 erant
823 1339 924 1404 solnm
948 1340 1093 1405 tenebrae
1117 1341 1149 1404 et
1166 1338 1355 1421 profundum

235 1450 267 1511 ot
289 1463 378 1528 aqua,
401 1448 495 1528 atque
518 1464 553 1509 ex
575 1444 625 1509 his
648 1445 762 1511 diuisio
786 1446 868 1510 faeta
891 1447 940 1511 est
965 1445 996 1509 in
1024 1446 1138 1523 medio,
1167 1447 1199 1511 et
1226 1445 1355 1529 spiritus
1374 1465 1401 1505 ro

235 1550 393 1636 separauit
423 1550 498 1616 haee
530 1551 692 1617 elementa.
728 1552 815 1618 Tnno
848 1571 920 1636 ergo
956 1552 1100 1618 tenebrae
1129 1551 1291 1618 inruentes
1324 1551 1357 1615 in

236 1657 379 1742 spiritum
402 1659 576 1740 genuerunt
598 1660 745 1741 quattuor
765 1658 898 1736 Aeonas,
928 1663 959 1722 et
986 1658 1040 1722 isti
1068 1659 1217 1740 quattuor
1243 1675 1357 1743 genno·

194 1764 407 1829 amiralios
430 1765 576 1846 quattuor
596 1763 729 1829 Aeonas.
755 1763 824 1829 Hoo
851 1767 954 1829 autom
978 1764 1083 1829 uexere
1104 1766 1197 1846 atque
1220 1762 1358 1840 sinistra,

235 1871 298 1948 lux,
329 1869 440 1953 inquit,
472 1872 546 1934 sunt
576 1872 608 1935 et
636 1870 791 1936 unebrne.
828 1868 988 1951 Quendam
1021 1871 1114 1936 etiarn
1151 1871 1360 1937 oonoutuisse

237 1994 308 2041 euru
335 1975 390 2041 ille
415 1976 544 2041 muliero
570 1979 602 2042 et
627 1977 745 2042 uirtute
772 1975 889 2055 dieunt,
918 1976 955 2041 de
983 1995 1044 2060 qna
1065 1976 1131 2041 nati
1153 1980 1227 2045 nunt
1250 1977 1303 2043 dii.
1328 1980 1361 2042 et
1381 1994 1405 2034 ιο

195 2080 214 2145 6
236 2082 388 2160 homines,
416 2085 448 2146 ot
474 2081 586 2166 angeli,
615 2083 646 2147 et
673 2085 791 2166 septem
814 2082 942 2165 spiritus
966 2082 1196 2148 daemoniorum
1231 2082 1362 2148 Addunt

238 2188 331 2254 etiam
359 2188 524 2270 prophotas
533 2185 543 2255 d
552 2187 702 2270 quosdam
729 2191 818 2254 natos
847 2188 883 2252 de
911 2207 956 2265 ea,
984 2187 1160 2270 spaciosum
1181 2186 1306 2255 nomine
1329 2191 1363 2254 et

196 2291 214 2354 7
236 2293 405 2359 Bareaban.
432 2291 495 2358 Alii
517 2296 621 2358 autern
644 2294 839 2379 euangelium
863 2293 1140 2361 consummationis
1163 2296 1195 2358 et
1222 2294 1362 2360 uisionee

237 2398 343 2464 inanes
371 2402 403 2463 et
428 2399 534 2482 plenas
561 2399 701 2465 fallaciae
730 2403 761 2466 et
787 2401 909 2465 somnia
934 2400 1039 2465 nidero
1068 2400 1191 2466 diuersa
1213 2399 1365 2465 adserunt

240 2505 414 2570 delirantes.
1382 2524 1408 2566 ro

778 2644 823 2709 VI

109 2799 220 2857 mlv
284 2784 347 2848 Alii
369 2788 474 2848 autom
497 2783 534 2848 ab
557 2784 635 2849 Inda
657 2784 804 2850 traditore
826 2784 1027 2850 instituerunt
1049 2784 1193 2863 heresim,
1222 2784 1364 2851 dieentes

240 2890 356 2955 bonurn
387 2907 465 2971 opus
492 2888 604 2954 iecisse
630 2890 740 2955 Iudam
767 2889 849 2971 qnod
879 2889 1041 2955 tradiderit
1070 2891 1268 2955 saluatorem.
1300 2891 1365 2957 Hio

187 2987 189 2992 ’
242 2994 334 3073 enim,
361 2994 472 3077 inquit,
499 2994 588 3060 nobie
617 2995 717 3060 onrnis
744 2995 891 3061 scientiae
918 2995 1014 3061 bonae
1043 3001 1150 3062 auotor
1172 2994 1284 3075 extitit,
1307 3016 1367 3079 per

200 3104 334 3183 2quem
366 3100 513 3165 caelestia
542 3100 632 3166 nohis
663 3095 1033 3184 mysterialrnanifestate
1064 3104 1145 3167 sunt.
1182 3101 1365 3168 Virtutibus
1384 3133 1410 3175 ,e

243 3200 357 3270 etenim
384 3205 416 3270 in
443 3207 529 3270 eaelo
561 3207 748 3286 nolentibus,
774 3206 886 3290 inquit,
914 3207 978 3290 pati
1008 3207 1177 3286 Christum,
1205 3209 1238 3271 et
1264 3208 1365 3274 soien-

242 3311 327 3376 tibus
351 3311 443 3394 quod,
467 3311 494 3376 si
517 3312 611 3377 fuerit
633 3332 756 3396 passus,
779 3313 876 3378 uitam
899 3313 1076 3379 hominibus
1105 3313 1274 3379 donaturus
1303 3317 1364 3394 est,

243 3416 302 3480 hoo
334 3417 445 3493 sciens,
475 3416 586 3499 inquit,
619 3419 722 3497 Iudas,
754 3419 845 3501 quod,
876 3420 903 3484 si
934 3419 1029 3485 fuerit
1062 3438 1175 3504 pasena
1207 3417 1365 3498 Christus,

331 3608 346 3662 1
366 3607 453 3660 Actor.
472 3605 543 3662 V15

280 3727 420 3784 diullieiis
438 3729 465 3783 B
529 3729 661 3786 dnostici
678 3730 705 3784 A
775 3730 858 3802 aliqui
876 3731 903 3785 A
966 3731 1138 3787 dbarbelum
1156 3731 1183 3784 A
1252 3730 1367 3788 Norinrin

245 3810 393 3869 Fabricius
409 3815 456 3871 aad
474 3822 512 3870 eet
529 3823 607 3888 νοῡρα
624 3817 779 3886 Epiphanii
791 3835 821 3887 p.
842 3822 881 3872 82
901 3818 923 3872 0
1008 3821 1024 3874 7
1042 3818 1203 3873 naldabaoth
1222 3818 1261 3873 B¹
1278 3819 1365 3874 ialdn·

245 3903 294 3957 bot
310 3904 337 3957 A
371 3905 529 3961 8onlaoaun
547 3903 613 3959 A²B
631 3905 739 3960 oalennn
756 3905 795 3959 A¹
829 3911 918 3964 terat
932 3908 958 3961 A
1014 3907 1096 3961 solem
1112 3907 1139 3961 A
1175 3909 1203 3963 ll
1221 3907 1348 3961 tenebras

246 3992 382 4046 inruentes
399 3991 547 4048 Fabricius
565 4010 598 4048 ea·
615 3993 772 4063 Eptepton.
787 4012 817 4064 p.
835 3997 875 4049 80
888 3997 925 4065 A]
945 3997 1081 4050 intuentes
1152 3998 1184 4054 12
1204 4011 1284 4049 eonas
1298 3994 1367 4050 A²B

248 4096 327 4134 oenas
345 4080 384 4134 A¹
445 4084 478 4138 la
495 4099 575 4145 eonas
641 4084 672 4140 17
691 4085 796 4138 nomine
816 4087 842 4137 et
859 4085 887 4137 B
903 4101 998 4139 nomen
1016 4085 1043 4139 A
1104 4085 1140 4139 20
1158 4083 1308 4138 delerantes
1327 4083 1365 4137 B¹

247 4170 285 4224 24
304 4184 393 4222 omnes
411 4169 439 4223 A
489 4172 523 4226 26
542 4173 611 4226 eninr
628 4174 655 4224 A
707 4175 741 4229 27
760 4176 802 4226 est
819 4174 845 4226 Β
864 4176 892 4226 et
909 4176 936 4226 A
