2858 4620
609 302 702 359 cvnu.
1171 309 1212 374 69

112 499 141 560 et
161 497 324 561 aduente
348 496 391 560 ah
416 498 524 562 exitu
548 498 660 562 uerbi
683 497 756 576 dei,
779 496 811 561 id
834 502 921 563 esta
945 497 1059 563 Christi
1077 499 1212 564 incarna-

109 602 192 680 tione,
230 606 323 685 atque
354 603 421 667 eius
453 603 566 668 iterum
599 603 636 668 de
668 604 752 668 caelo
785 603 888 668 diuina
913 604 1089 684 praesentia
1120 608 1212 688 atque

109 709 362 773 consummatione
386 709 513 786 saeculi,
536 728 613 791 quae
637 728 708 773 cum
732 709 849 794 angelis
873 709 1017 774 adfutura
1040 709 1091 774 sit.

598 969 709 1034 LXXX

22 1132 64 1174 ⁵
140 1125 210 1191 Alia
242 1132 292 1192 est
321 1128 438 1193 heresis
471 1148 548 1212 quae
581 1128 618 1194 de
650 1129 827 1215 gigantibus
860 1129 975 1195 adserit
1002 1128 1084 1212 quod
1111 1129 1212 1214 angeli
1231 1135 1318 1192 cuno

101 1231 279 1297 miscuerint
301 1253 334 1298 se
358 1253 429 1298 cum
452 1235 575 1299 feminis
598 1239 667 1300 ante
691 1236 855 1316 diluuium,
880 1240 911 1301 et
932 1235 1002 1300 inde
1030 1253 1099 1300 esse
1125 1238 1213 1299 natos

101 1338 240 1422 gigantas
270 1340 480 1421 suspicantur:
514 1360 584 1404 cum
611 1340 782 1406 Nemhmth
810 1361 868 1406 non
897 1341 935 1406 ah
963 1341 1083 1424 spiritu,
1111 1340 1214 1405 idest

100 1461 156 1508 non
188 1445 227 1509 ah
259 1446 378 1530 angelo,
411 1444 465 1510 sed
499 1445 535 1509 ah
564 1445 687 1511 homine
711 1447 806 1524 dhus,
830 1447 883 1530 qui
909 1447 992 1510 filius
1019 1447 1080 1512 fuit
1108 1445 1213 1524 Cham,

99 1547 282 1615 indonatus
307 1551 347 1615 sit
369 1556 492 1634 postea:
520 1552 572 1635 qui
597 1555 629 1616 et
650 1553 680 1616 in
704 1553 856 1636 scriptura
882 1552 1000 1636 primus
1028 1552 1137 1636 gigans
1166 1555 1214 1617 est

9 1664 80 1710 ιο
101 1651 300 1738 {appellatus
325 1657 408 1739 quod
429 1657 489 1722 iste
512 1659 613 1741 coepit
637 1677 705 1724 esse
727 1661 865 1734 uenator,
888 1661 920 1723 ct
941 1658 1029 1723 fortis
1053 1658 1155 1735 homo,
1179 1661 1215 1721 ut

100 1764 129 1825 et
150 1761 262 1846 gigans
285 1763 492 1845 appellaretur·
513 1764 543 1827 in
566 1767 661 1828 terna:
685 1763 776 1828 inde
798 1764 951 1827 dicturi
973 1768 1075 1840 sunt,
1102 1763 1212 1845 inquit,

100 1867 227 1933 “sicut
257 1867 474 1933 Nemhroth
507 1870 659 1954 gigans,
691 1870 750 1934 ita
779 1869 899 1936 fortis
932 1873 1022 1945 est''‚
1056 1870 1082 1934 si
1110 1868 1163 1950 qui
1186 1869 1213 1932 ei

100 1972 208 2038 similis
231 1974 262 2037 in
286 1973 467 2040 fortitudine
484 1980 594 2058 postea
611 1974 777 2040 uideretur.
800 1975 950 2039 Homines
968 1975 1073 2057 itaque
1091 1975 1215 2038 fuemnt
1238 1979 1257 2039 2

100 2075 190 2143 fortes
219 2082 250 2143 et
274 2098 291 2143 a
312 2077 501 2145 iuliuentute
529 2098 664 2164 rapaces,
692 2084 877 2157 uastatores‚
906 2080 1087 2158 iaculantes,
1119 2079 1211 2143 cursi-

31 2197 81 2235 15
99 2184 208 2262 hortos,
245 2186 436 2267 praedationi
472 2190 627 2263 necantes,
664 2187 734 2251 inde
767 2188 866 2251 ueluti
897 2185 990 2251 alieni
1020 2204 1080 2250 non
1112 2185 1213 2250 solum

96 2305 228 2364 morum.
252 2309 360 2355 uenum
385 2291 478 2357 etiam
501 2292 572 2357 uisu
595 2293 755 2357 hominum
777 2293 910 2357 inermes
938 2290 1104 2370 aestimati,
1133 2295 1215 2364 (oct)

96 2399 203 2461 contra
235 2399 376 2462 naturam
408 2398 536 2462 aliorum
565 2398 726 2463 hominum
753 2401 838 2463 tanta
866 2399 981 2463 scelera
1002 2400 1213 2481 perpetrantes

90 2506 348 2584 nuncuparentur
370 2508 402 2569 et
425 2503 576 2589 gigantes.
601 2502 717 2589 Gigans
741 2505 823 2570 enim
844 2523 900 2586 pen
917 2488 1136 2589 etymologiam
1156 2508 1214 2567 ter·
1237 2508 1256 2570 3

87 2621 146 2673 rae
184 2611 357 2673 monstrum
394 2609 516 2685 dicitur,
552 2625 588 2674 en
626 2609 747 2674 duobus
791 2609 967 2674 nominihus
1008 2608 1212 2690 conpositum,

28 2712 64 2757 ²⁰
86 2715 165 2779 siue
192 2714 301 2789 forma,
330 2715 398 2780 siue
425 2716 500 2803 uita,
529 2715 596 2780 siue
622 2716 704 2792 uisu,
732 2715 799 2779 siue
826 2713 1017 2791 fortitudine,
1043 2715 1109 2778 siue
1132 2713 1213 2777 mole

82 2819 316 2885 membrorum.
348 2821 427 2886 Nam
457 2824 493 2885 11
519 2821 599 2886 scias
627 2821 769 2904 gigantas
792 2840 851 2885 non
875 2821 912 2884 de
935 2821 995 2885 alia
1017 2824 1135 2895 natura,
1159 2818 1213 2883 sed

84 2922 134 2990 de
158 2925 318 2989 hominurn
341 2927 438 2991 fuisse
460 2925 606 3011 progenie
630 2925 743 2991 editos:
776 2930 808 2990 et
834 2920 1159 2989 ΕΞΑΔΑΚΤΥΛΟῙὉ
1181 2925 1213 2988 11

83 3025 274 3114 Regnorum
292 3031 379 3097 libris
398 3031 502 3109 hahes,
522 3051 599 3115 quos
617 3033 716 3096 forma
734 3030 842 3116 grandi
862 3033 893 3094 et
910 3031 991 3094 mole
1007 3030 1212 3095 membrorum

87 3136 229 3202 diffusos
258 3140 290 3201 et
315 3137 432 3221 ingenti
459 3137 640 3202 lentitudine
664 3137 834 3220 degenere
857 3137 1019 3220 gigantum
1040 3135 1112 3199 libri
1133 3136 1213 3220 Reg-

20 3241 54 3283 15
86 3259 208 3308 norum
232 3242 451 3307 adnuntiarunt
472 3246 543 3325 post
566 3243 626 3307 doc
649 3242 734 3306 milia
753 3247 784 3306 et
801 3244 954 3307 trecentos
973 3260 1068 3306 annos
1086 3240 1211 3306 diluuii:

185 3501 377 3559 oceane
435 3500 612 3559 scasas
673 3505 704 3558 11
724 3464 867 3556 canno
919 3498 1212 3569 scaamgxxnso

134 3661 255 3716 lauerte
302 3659 483 3728 2praesentia
499 3657 634 3729 Oehleruc]
648 3659 784 3713 sententia
830 3655 1061 3728 dgygantibusA
1109 3657 1211 3711 linem·

95 3745 165 3801 brod
183 3747 210 3800 Β
280 3748 339 3801 1Β
408 3745 476 3802 8ab
495 3747 603 3815 angelos
622 3751 649 3801 et
667 3745 700 3800 ab
718 3746 745 3799 A
815 3749 846 3802 11
866 3745 964 3800 dicturi
981 3745 1047 3799 editt
1065 3744 1169 3798 ductori
1186 3745 1213 3798 Β

99 3834 250 3890 Sicharduc
263 3834 439 3890 diciturhiA
492 3837 523 3892 12
536 3834 648 3890 nebroth
664 3837 688 3887 A
702 3833 785 3888 nebro
799 3834 826 3887 Β
896 3849 997 3904 gygans
1011 3833 1038 3887 A
1087 3834 1212 3888 ldaesti-

98 3925 165 3978 mati
183 3922 210 3976 A
228 3923 309 3977 etiarn
327 3923 353 3976 Β
417 3929 477 3985 <at>
496 3923 554 3976 add
569 3922 722 3977 Siehcrdaa
774 3924 807 3978 18
824 3924 955 3991 gygantes
972 3921 999 3975 A
1069 3937 1169 3990 gygano
1186 3921 1219 3972 A·

135 4010 308 4081 ethimologia
324 4010 351 4064 A
370 4011 575 4081 ethomologiam
592 4011 619 4064 Β
707 4013 740 4066 la
757 4009 930 4082 compositum
947 4009 974 4062 Β
1060 4010 1093 4065 21
1116 4007 1168 4061 alio
1187 4007 1214 4061 A

99 4102 133 4157 22
150 4097 238 4154 editus
256 4101 283 4152 A
369 4097 690 4159 uzsasunuheucn
759 4099 794 4154 211
810 4096 906 4150 molem
924 4098 950 4149 A
1020 4097 1057 4151 24
1074 4095 1213 4165 gigantum

100 4187 175 4257 regni
192 4186 317 4240 librorum
337 4187 526 4240 annuntiarunt
544 4187 570 4239 B
