2858 4620
135 301 208 364 XIV
551 296 834 362 Prolegoraena.

135 489 386 555 testimoniorum
417 505 543 551 numero
582 485 814 568 adscripsimus.
853 483 990 563 Quorum
1025 487 1163 550 locorum
1201 486 1254 566 qui

136 596 262 659 maximi
286 597 335 658 est
355 593 498 676 ponderis
523 611 583 656 non
606 595 688 655 reete
711 591 836 655 uidetur
862 611 929 657 esse
956 593 1105 657 traditus:
1137 593 1254 674 legitur

136 703 218 765 enim
246 720 312 782 cap.
336 701 392 762 41:
424 698 562 762 Filaster
588 697 646 781 (ita
673 697 750 762 codd
774 696 1019 763 Vindobonensis
1052 701 1083 762 et
1108 698 1254 762 Bamber-

135 807 252 891 gensis)
278 809 380 877 autem
401 804 564 867 Briaanus
590 801 649 888 (ita
674 803 928 886 Bambergensis:
956 804 1113 868 briaanios
1139 803 1253 869 (tarnu-

135 914 246 979 tensis:
266 912 427 1001 brixianus
445 907 707 992 vindebonensis)
726 910 934 989 episcopusin
950 909 1160 989 prolixissima
1177 908 1253 972 libro

135 1040 223 1100 quem
237 1018 280 1082 de
302 1017 455 1081 heresibus
476 1016 611 1080 condidit
633 1021 661 1080 et
682 1014 875 1079 CXXVIII
890 1016 1006 1079 hereses
1024 1016 1192 1079 arbitratus
1210 1018 1254 1079 est

135 1124 354 1206 computandas
376 1123 566 1187 Sabellianos
588 1122 728 1186 continuo
744 1127 818 1202 post
840 1119 1006 1185 Noetianos
1021 1143 1157 1202 ponens:
1185 1121 1252 1185 ‘Sa-

135 1231 250 1310 16111666,
277 1228 387 1310 inquit,
416 1228 582 1309 discipulas
608 1230 683 1304 eius,
711 1229 764 1307 qui
789 1227 1021 1292 similitudinarie
1047 1231 1098 1293 sui
1120 1230 1251 1293 desieris

134 1337 239 1401 itidem
260 1341 381 1399 secatus
403 1339 462 1399 est:
478 1335 559 1398 ande
581 1339 609 1398 et
627 1331 796 1397 Sabelliani
810 1337 919 1414 postea
936 1339 1008 1398 sunt
1026 1335 1179 1415 appellati,
1198 1337 1252 1414 qui

133 1449 162 1506 et
188 1441 423 1521 Patripassiani
454 1445 483 1504 et
508 1440 664 1504 Praetaui
695 1462 715 1503 a
745 1438 870 1503 Praaea
900 1445 929 1504 et
959 1439 1163 1522 Hermogene:
1198 1442 1252 1521 qai

132 1546 259 1627 sumunt
284 1549 319 1610 ia
341 1547 462 1626 Africa,
485 1548 538 1626 qai
563 1551 591 1610 et
616 1548 677 1608 ista
699 1545 859 1609 sentientes
881 1546 989 1609 abiecti
1010 1551 1082 1610 sunt
1103 1548 1140 1610 ab
1164 1548 1250 1610 ecel-

133 1655 184 1717 sia
214 1654 369 1718 eatboliea.
407 1651 527 1730 Quibus
558 1653 589 1715 in
622 1653 725 1716 uerbis
757 1671 817 1716 non
848 1654 1008 1735 tantopere
1043 1653 1138 1717 miror
1168 1654 1251 1736 quod

134 1761 235 1823 multa
267 1760 373 1824 omisit
404 1777 482 1840 quae
515 1758 640 1841 scripsit
670 1756 835 1822 Filastrius
867 1776 933 1839 cap.
959 1761 1009 1836 54,
1042 1779 1135 1841 quam
1168 1760 1250 1842 quod

133 1885 300 1950 pronomen
328 1865 381 1949 pai
408 1864 490 1946 quod
517 1867 599 1928 recte
625 1863 713 1928 deest
733 1865 764 1927 in
789 1863 867 1928 codd
890 1865 1027 1929 Filastrii
1050 1866 1157 1947 posuit
1179 1872 1249 1930 ante

5 1989 7 1993 ·
133 1972 374 2037 similitudidem.
410 1971 496 2035 Adde
524 1971 607 2052 quod
630 1990 708 2052 quae
732 1970 769 2034 de
793 1989 883 2052 opere
905 1970 1045 2036 Filastrii
1067 1972 1167 2055 ipsius
1190 1976 1249 2036 ret·

103 2113 104 2118 6
133 2079 216 2157 tulit,
244 2097 279 2142 ea
309 2079 391 2142 reete
418 2077 463 2141 ita
489 2077 602 2141 tradita
628 2096 697 2141 esse
728 2077 854 2140 minime
881 2079 987 2158 potest
1018 2077 1110 2141 orodi.
1148 2075 1250 2142 Sicuti

133 2185 214 2248 enim
235 2184 290 2249 illo
312 2183 382 2247 loco
406 2183 555 2264 epistolae
578 2183 615 2247 ab
639 2181 892 2262 Quoduultdeum
916 2181 1006 2268 (conf
1024 2203 1117 2266 supra
1137 2204 1167 2267 p.
1189 2185 1249 2264 ΠΙ)

133 2289 258 2372 scripsit
277 2288 313 2351 do
332 2288 430 2351 totius
451 2287 550 2368 operis
571 2286 689 2351 duabus
708 2288 859 2368 partibus,
877 2289 922 2352 ita
941 2285 973 2353 et
989 2291 1048 2354 heo
1066 2290 1135 2355 loeo
1154 2291 1249 2370 scrip-

132 2399 199 2458 tum
237 2394 335 2458 fuisse
371 2393 600 2475 suspicabimur
636 2411 707 2457 cum
743 2394 838 2458 uerba
867 2396 902 2458 in
923 2396 1138 2475 ‚mortmaine
1173 2395 1249 2460 libra

132 2520 219 2580 quem
241 2500 279 2562 de
299 2497 452 2562 heresibus
474 2497 607 2562 condidit
629 2505 658 2563 et
678 2496 875 2562 CXXVIII
884 2500 1001 2565 bereses
1018 2501 1187 2565 arbitratus
1205 2506 1250 2565 est

132 2606 353 2685 emnputandas
373 2604 419 2668 ita
441 2605 503 2669 sint
526 2609 632 2670 eontra
650 2605 870 2688 grammaticae
887 2607 1028 2690 regulam
1046 2608 1250 2692 repugnantia

133 2712 376 2789 611166161116,
400 2713 436 2775 ut
458 2715 548 2795 aegre
569 2711 692 2793 possint
714 2711 848 2777 tolerari.
881 2710 966 2795 Opus
989 2713 1186 2797 Augustinus
1211 2714 1248 2776 116

131 2817 311 2883 haeresibus
335 2837 407 2881 oum
427 2816 643 2898 imperfectum
667 2820 698 2880 et
720 2817 899 2881 inchoatum
921 2819 1091 2900 reliquerit,
1110 2822 1166 2883 aut
1188 2819 1251 2882 edi·

132 2926 215 2989 tores
243 2924 311 2987 eius
338 2923 430 3005 primi
457 2925 511 2987 aut
537 2923 655 2987 librarii
682 2924 741 2988 hoc
767 2924 836 2988 loco
860 2922 1005 2988 uidentur
1026 2925 1174 2989 nonnulla
1196 2928 1250 2988 aut

133 3029 276 3092 omisisse
309 3033 363 3092 ant
393 3047 502 3111 parum
531 3031 671 3092 accurate
699 3026 843 3094 edidisse.
880 3028 960 3092 Nam
986 3029 1031 3094 ita
1059 3029 1153 3094 scribi
1176 3030 1248 3112 quin

131 3134 267 3199 uoluerit
291 3134 488 3217 Augustinus
516 3134 658 3217 equidem
686 3131 791 3199 nullus
820 3133 943 3200 dubito:
979 3134 1118 3200 Filaster
1149 3141 1250 3198 autem

133 3238 298 3303 Briaanus
328 3241 486 3320 episcopm
516 3241 550 3302 ia
574 3238 786 3319 proliatssimo
812 3238 888 3303 libro
915 3260 1001 3324 quan
1032 3239 1068 3302 de
1099 3239 1250 3304 heresibus

133 3344 268 3409 coadidit
289 3346 350 3418 <in
376 3366 434 3430 quo
457 3350 485 3409 et
506 3348 576 3408 ante
598 3344 716 3408 domini
731 3346 909 3425 passionem
931 3365 1009 3424 auae
1023 3346 1155 3428 suerunt
1179 3346 1252 3409 XX

133 3456 162 3516 et
189 3449 279 3514 VIII
295 3452 488 3515 enumerauit
509 3454 626 3531 etpost
646 3451 764 3514 domini
787 3450 955 3515 saluatoris
969 3453 1147 3533 passionem
1173 3474 1251 3534 quae

133 3557 309 3622 emerserint
329 3557 550 3622 studiosissime
572 3557 776 3641 mnqaisiuit>
801 3560 830 3619 et
852 3554 1048 3621 OXXVHI
1062 3557 1178 3622 termes
1200 3580 1250 3621 ar-

45 3699 47 3706 <
132 3661 264 3726 bitratus
290 3666 334 3727 est
360 3663 579 3743 computandas
606 3682 630 3727 6.
654 3682 683 3745 q.
707 3683 731 3728 s.
768 3661 830 3728 aec
857 3662 924 3727 siue
951 3664 1027 3728 haee
1057 3684 1135 3746 quae
1157 3665 1249 3729 modo

131 3769 350 3851 proposuimus
386 3767 602 3851 supplementa
623 3768 768 3852 probabis
797 3769 864 3833 sine
890 3769 1079 3851 improbabis
1107 3771 1139 3835 id
1168 3775 1251 3835 certe

132 3893 168 3938 ex
195 3872 316 3939 duobus
345 3873 408 3937 illis
430 3873 600 3956 Augustini
623 3873 811 3938 testimoniis
832 3874 942 3938 licebit
963 3874 1083 3939 efficere
1106 3894 1250 3939 numeros

134 3980 341 4062 capitulorum
365 3978 503 4044 Filastn'i
526 3998 604 4061 quos
627 3982 658 4044 61
680 3979 711 4043 11
733 3979 792 4044 hoe
816 3983 848 4044 et
870 3980 901 4044 in
924 3980 1024 4063 capite
1042 3981 1083 4044 45
1106 3979 1178 4044 libri
1202 3980 1252 4044 sui

133 4086 353 4151 commemorat
374 4084 570 4166 Augustinus
594 4085 702 4149 eodem
725 4084 829 4149 ordine
851 4084 883 4149 in
906 4085 1012 4150 codice
1029 4085 1167 4150 Filastrii
1190 4106 1251 4168 quo

133 4211 209 4256 usus
243 4194 295 4267 est,
316 4190 414 4255 fuisse
443 4190 601 4273 adpositos
629 4208 689 4273 quo
719 4191 836 4255 factum
860 4195 910 4256 est
930 4192 961 4256 in
985 4192 1091 4258 codiee
1114 4192 1252 4257 Filastrii
