2858 4620
589 287 718 344 cxxvn.
737 287 877 345 (txxvlll.
1248 299 1290 364 93

169 485 251 550 Nam
275 503 396 567 semper
417 502 486 548 esse
508 485 633 566 propter
654 482 931 564 sempiternitatem
957 482 1082 561 dicitur,
1109 505 1146 550 ne
1173 489 1290 570 tempo-

170 590 245 654 ralis
269 590 353 654 filius
376 588 570 654 aestimetur:
596 588 736 671 genitum
760 591 863 653 autem
882 589 957 654 dicit
975 590 1125 672 quianon
1143 611 1161 656 a
1179 597 1289 657 semet·

172 696 250 778 ipso„
275 695 329 759 sed
357 695 393 759 de
416 697 502 777 patre
525 696 633 758 natum
656 694 815 777 cognoscit
842 695 973 759 ecclesia
998 697 1189 778 praedicans.
1219 698 1330 763 Non5

173 819 244 885 ergo
276 800 498 884 diiungendum
531 801 580 864 est
610 819 707 864 unum
735 799 772 864 ab
801 802 905 879 altero,
930 802 985 865 sed
1008 803 1219 887 coniungenda
1241 808 1290 868 est

120 925 144 967 a
172 905 401 989 sempiternitas
423 904 482 969 filii
504 908 535 969 et
558 905 713 989 generatio
737 923 808 969 cum
836 907 1081 989 sempiternitate
1108 908 1287 990 copulanda,

171 1011 271 1095 deque
293 1014 380 1094 patre
402 1010 447 1075 ita
470 1014 519 1074 est
542 1009 693 1075 credenda
715 1029 751 1074 ac
774 1009 938 1076 detinenda
960 1012 1122 1086 confessio,
1146 1016 1183 1078 ut
1209 1034 1287 1078 unns

171 1118 260 1183 nobis
283 1119 370 1200 pater
392 1115 513 1200 genitor
535 1119 566 1181 et
589 1135 669 1180 unus
691 1117 780 1181 nobis
802 1116 887 1181 filius
904 1118 1015 1182 unicus
1033 1118 1288 1202 patris,tproprie

172 1224 285 1307 quippe
317 1222 441 1307 genitus
475 1222 511 1287 de
543 1224 639 1306 patre,
667 1225 881 1305 cognoscatur.
913 1223 995 1308 Ergo
1023 1242 1145 1306 semper
1167 1244 1234 1290 esse
1257 1225 1329 1289 et6

171 1330 310 1413 genitum
343 1346 412 1392 esse
443 1329 495 1410 pia
525 1328 585 1392 fide
616 1331 665 1393 est
696 1347 828 1411 aequum
860 1331 897 1393 ut
932 1332 964 1394 et
1000 1330 1186 1412 sempiterna
1221 1331 1286 1396 eius

117 1434 327 1520 regeneratio
351 1452 411 1498 non
434 1434 614 1516 temporalis
638 1432 681 1498 sit
703 1437 734 1498 et
755 1433 812 1498 filii
834 1435 985 1519 unigeniti
1008 1436 1148 1519 depatre
1168 1440 1286 1501 etcum

169 1545 257 1622 patre
279 1559 353 1604 nera
374 1540 545 1623 proprietas
569 1558 605 1604 ac
628 1540 856 1623 sempiternitas
880 1560 941 1606 non
962 1542 1130 1626 ignoretur.
1162 1542 1195 1608 Si
1218 1543 1287 1626 quis

170 1650 275 1711 autem
302 1646 436 1730 primum
463 1645 628 1710 confitetur
654 1665 722 1710 esse
750 1666 821 1711 eum
846 1645 1030 1732 ingenitum,
1059 1649 1157 1714 etsie
1179 1653 1288 1732 postea

169 1753 267 1817 fuisse
290 1752 428 1837 genitum
452 1751 489 1816 de
516 1753 613 1833 patre,
639 1751 762 1835 ignorat
789 1752 864 1834 quid
890 1752 1062 1818 confitetur.
1095 1753 1173 1819 Oum
1205 1755 1285 1819 enim
1310 1752 1328 1817 7

169 1877 263 1922 unam
284 1861 376 1941 putat
398 1857 528 1922 euadere
550 1857 696 1936 heresim,
722 1858 853 1923 incurrit
879 1859 1005 1923 alteram
1032 1859 1176 1942 peiorem,
1202 1860 1286 1944 inge-

117 1982 152 2030 rs
169 1963 271 2026 nitum
301 1963 402 2027 filium
434 1962 617 2040 confitendo,
648 1963 744 2028 immo
776 1964 881 2046 potius
915 1967 946 2028 et
975 1968 1094 2047 patrem
1125 1969 1156 2029 et
1186 1965 1286 2030 filium

169 2069 347 2152 denegando
380 2067 502 2151 duoque
527 2069 666 2152 ingenita
687 2068 891 2150 praedicando
915 2070 1060 2135 etunius
1082 2071 1179 2154 patris
1201 2071 1285 2155 inge-

168 2173 228 2237 niti
250 2171 396 2238 etunius
418 2169 654 2257 filiitiunigcniti
677 2173 714 2237 de
737 2177 823 2256 patre
844 2175 966 2257 proprie
990 2175 1165 2259 denegando
1188 2176 1285 2241 uarie-

167 2282 276 2346 tatem.

715 2435 738 2501 O

117 2620 149 2662 so
212 2592 291 2658 Sunt
313 2592 438 2674 qnidam
460 2591 588 2657 heretici
611 2595 664 2674 qui
687 2592 724 2656 de
743 2592 879 2658 Faraone
900 2593 944 2658 ita
963 2594 1151 2660 arbitrantur
1168 2596 1281 2663 dixisse
1300 2601 1425 2658 cxxvu

169 2698 328 2763 dominum
346 2716 400 2779 per
418 2697 528 2761 Mosen
546 2698 643 2780 quod:
662 2697 717 2762 Ad
734 2698 807 2763 hoe
826 2699 1002 2764 excitaui
1020 2703 1067 2778 te,
1090 2705 1132 2764 ut
1155 2707 1280 2766 osten-

168 2803 250 2867 dam
275 2803 311 2866 in
334 2805 372 2867 te
395 2803 590 2868 uirtutem
618 2821 753 2880 meam;
784 2808 827 2872 et:
860 2804 1053 2869 Indurans
1084 2806 1279 2873 indurabo
1317 2811 1320 2816 ’

168 2928 234 2974 cor
254 2909 458 2985 Faraonis‚
480 2927 524 2971 ne
548 2908 730 2973 dimittat
751 2929 832 2975 uos.
855 2910 895 2973 Et
917 2910 961 2974 ait
983 2913 1157 2992 apostolus:
1179 2912 1279 2996 Ergo

167 3033 291 3097 neque
323 3014 503 3079 uolentis
536 3033 659 3095 neque
697 3017 907 3094 currentis,
945 3017 1012 3081 sed
1047 3017 1278 3083 miserentis

122 3151 150 3193 25
169 3120 230 3184 dei
262 3123 331 3186 est.
364 3118 425 3184 Sed
452 3119 528 3184 haec
555 3138 615 3184 non
638 3119 783 3184 definiens
807 3120 883 3186 dicit
904 3123 1074 3204 apostolus,
1098 3123 1153 3187 sed
1174 3124 1279 3205 dispu·
1302 3127 1321 3189 2

166 3228 235 3291 tans
259 3228 350 3307 atque
375 3225 505 3290 edocens
529 3225 611 3307 quod
633 3244 741 3290 uerum
766 3229 823 3302 est,
846 3246 884 3291 ne
905 3227 950 3291 ita
973 3228 1063 3292 deum
1088 3227 1198 3294 dixisse
1226 3230 1279 3312 qui

166 3330 322 3403 aestimet:
346 3330 439 3395 debet
456 3331 537 3395 enim
556 3330 718 3395 adtendere
737 3331 820 3412 quod
837 3331 881 3395 ait
898 3332 1054 3397 dominus:
1080 3332 1129 3396 Ut
1151 3337 1277 3398 osten-

252 3521 283 3575 21
303 3521 378 3573 Rom.
395 3519 434 3574 IX
453 3520 485 3574 17
503 3518 586 3573 Exod.
604 3519 642 3574 IX
661 3520 693 3575 16
745 3523 779 3576 22
796 3521 870 3574 Rom.
887 3519 925 3574 IX
944 3520 1175 3578 leunculum
1195 3522 1276 3577 vus

165 3610 200 3664 23
216 3609 290 3662 Rom.
308 3608 346 3662 IX
366 3608 398 3662 16
449 3610 483 3664 27
501 3608 576 3682 Rom,
593 3607 631 3662 IX
650 3609 681 3662 17
701 3607 781 3663 uxor.
799 3608 838 3662 IX
856 3610 888 3663 16

202 3725 341 3793 lpropter
360 3739 401 3776 om
418 3725 445 3776 A
505 3721 602 3780 2aA
621 3739 651 3776 ex
669 3723 695 3776 Β
746 3721 979 3793 ddeiungendum
997 3722 1025 3775 A
1075 3724 1274 3793 asempiterni-

165 3814 248 3865 tatem
266 3812 294 3865 A
345 3809 465 3882 (ideque
483 3810 519 3864 B¹
573 3812 684 3867 inobis
702 3812 813 3864 filiusB
829 3811 899 3865 filius
913 3812 939 3864 A
991 3810 1131 3868 ttfidesA
1200 3814 1275 3866 utet

167 3897 205 3951 B²
221 3902 253 3952 nt
269 3899 333 3952 AB¹
387 3901 418 3955 11
437 3914 501 3952 uera
517 3900 544 3952 A
562 3898 711 3953 Sichardue
728 3915 770 3954 om
786 3899 812 3952 Β
864 3902 898 3956 13
914 3900 1032 3969 genitum
1046 3900 1073 3953 Β
1089 3900 1236 3969 ingenitum
1249 3900 1275 3952 A

167 3986 200 4042 14
216 3987 305 4056 peiore
323 3987 350 4039 A
438 3988 469 4042 17
487 3988 627 4041 ueritatem
645 3984 673 4039 Β
758 3991 794 4044 20
811 3987 944 4057 pharaone
963 3988 989 4041 Β
1070 3990 1102 4044 21
1122 4004 1228 4058 moysen
1248 3987 1274 4039 B

165 4075 199 4128 23
215 4072 356 4146 pharaonis
374 4074 401 4127 Β
434 4094 437 4100 ·
477 4076 514 4132 24
531 4074 651 4128 uolentes
669 4091 728 4143 neq.
749 4079 881 4129 currentes
899 4076 925 4128 A
994 4077 1029 4132 26
1047 4077 1109 4144 qnia
1126 4076 1231 4130 estimet
1248 4077 1274 4129 A

167 4161 225 4230 quis
243 4162 366 4215 aestimet
382 4162 409 4214 Β
464 4165 498 4219 27
516 4160 652 4222 attendere
670 4162 696 4215 Β
