2858 4620
209 286 250 348 64
392 279 567 334 FILASTltlI
585 279 813 334 DIVERSARVM
830 277 1021 333 HERESEON
1038 279 1144 333 LIBER

696 475 840 539 LXXVII

148 627 192 683 cv
253 617 324 680 Alia
351 620 399 680 est
424 617 541 681 heresis
570 635 647 698 quae
676 615 753 680 dicit
779 635 888 680 nomen
911 616 1035 699 linguae
1060 616 1097 680 de
1119 617 1244 682 Iudaeis
1267 620 1330 702 pri-

210 744 295 787 mum
317 724 517 805 processisse,
541 720 593 786 alii
617 722 654 785 de
678 721 815 805 paganis,
840 741 911 785 oum
932 723 1056 805 utrique
1078 723 1137 788 boc
1161 725 1205 788 ita
1234 726 1330 790 senti-

211 834 297 900 entes
321 849 420 893 errore
443 848 502 893 non
525 847 620 909 paruo
645 827 766 908 decepti
790 831 872 891 sunt.
896 829 997 892 Homo
1023 830 1103 892 enim
1127 830 1228 896 factus
1255 833 1330 896 rati-

211 938 278 1002 onis
301 937 454 1019 particeps
478 936 552 999 tuit:
577 967 621 1002 *a*
645 935 698 1016 qui
722 953 794 1018 ergo
816 935 1003 1016 loquebatur
1025 937 1151 1016 ratione,
1172 939 1329 1021 quomodo
1371 935 1422 996 ᾗ

168 1044 338 1109 trationis
375 1045 441 1106 erat
476 1042 615 1106 alienus?
652 1041 727 1105 Plus
764 1060 837 1123 ergo
877 1041 963 1123 prius
1003 1043 1130 1107 rationis
1171 1047 1218 1108 est
1259 1063 1331 1110 esse

210 1150 402 1232 participem,
441 1152 472 1212 et
506 1147 719 1212 rationabilem
756 1147 827 1224 dici,
863 1167 955 1229 quam
986 1167 1097 1212 nomen
1130 1150 1263 1231 speciale
1299 1155 1331 1214 et

209 1256 308 1320 locale
331 1250 443 1319 habere
467 1255 598 1320 alicuius
621 1255 746 1338 linguae
770 1256 862 1336 atque
887 1274 920 1318 er
938 1255 1060 1319 nomine
1077 1256 1211 1320 hominis
1230 1258 1331 1340 possi-

212 1362 282 1428 dere
315 1361 442 1444 aliquid.
474 1361 521 1424 Ab
548 1361 647 1424 Adam
681 1361 759 1424 enim
788 1379 888 1442 nsque
916 1361 954 1425 ad
976 1362 1078 1424 Heber
1105 1361 1165 1427 duo
1188 1362 1277 1427 milia
1299 1367 1331 1427 et

169 1473 190 1539 3,
212 1468 400 1551 septingenti
422 1467 491 1530 anni
513 1467 709 1531 transierunt.
733 1467 808 1530 Erat
831 1484 902 1550 ergo
921 1486 1030 1531 nomen
1049 1467 1173 1550 linguae
1192 1469 1330 1534 omnium
1346 1489 1368 1528 o

211 1575 371 1639 hominurn
399 1593 496 1637 unum
525 1575 556 1635 et
583 1591 643 1636 una
669 1573 784 1654 lingna.
816 1573 861 1636 Ex
888 1592 948 1654 quo
977 1576 1080 1637 autern
1109 1576 1214 1638 contra
1237 1575 1332 1640 deum

212 1680 436 1765 cogitauerunt,
462 1679 618 1743 subtracta
650 1681 699 1742 est
730 1679 774 1741 eis
803 1678 859 1741 illa
890 1679 1032 1743 caelestis
1059 1679 1199 1758 scientia,
1221 1679 1255 1743 id
1283 1683 1333 1744 cst

211 1786 388 1871 linguarum
412 1784 556 1848 omnium
573 1783 735 1864 prudentia
763 1787 794 1847 et
821 1783 978 1865 sapientia.
1010 1784 1050 1848 nt
1075 1785 1178 1848 Heber
1205 1786 1330 1867 quidem

213 1896 338 1956 sanctus
367 1891 441 1973 quio
472 1909 531 1954 non
560 1889 706 1953 discessit
738 1910 755 1952 a
787 1889 842 1954 deo
876 1889 1045 1954 secundum
1076 1910 1187 1954 nomen
1218 1891 1330 1973 ipsius,

214 1999 289 2062 deus
303 1997 405 2062 uoluit
418 2016 516 2080 genus
533 1997 599 2059 eius
613 1995 765 2076 pullulare
780 1995 912 2078 amplius
928 1995 1046 2077 hocque
1061 1997 1183 2060 nomine
1196 1998 1332 2078 primum
1350 2020 1372 2060 a

213 2105 244 2168 in
282 2104 405 2168 saeculo
442 2102 621 2184 nuncupari,
658 2104 693 2165 ut
730 2102 767 2165 ab
800 2102 912 2178 Heber,
950 2102 1004 2183 qui
1039 2122 1099 2167 non
1136 2105 1333 2168 consenserat

214 2210 418 2275 aedificationi
441 2209 534 2272 turris
557 2208 784 2284 rebellantium,
807 2208 920 2271 Hebrei
943 2209 1065 2272 nomine
1093 2211 1330 2292 appellarentur.

172 2324 191 2384 l
214 2312 319 2400 Priori!
328 2317 432 2398 itaque
455 2335 515 2380 non
539 2315 640 2380 solum
663 2315 801 2398 paganis,
828 2334 934 2378 uerum
965 2315 1057 2378 etiam
1085 2318 1116 2379 et
1136 2315 1272 2394 Indaeis,
1300 2316 1332 2380 id

188 2503 190 2507 Ι
216 2424 264 2486 est
290 2424 360 2485 ante
388 2421 598 2504 septingentos
623 2439 721 2486 annos
744 2421 847 2484 Heber
873 2420 971 2484 fuisse
999 2421 1198 2504 cognoscitur
1225 2422 1333 2488 iustis·

216 2528 324 2603 simus,
358 2527 411 2610 qui
442 2527 472 2590 in
506 2526 596 2590 deum
625 2526 810 2594 credenslet
833 2546 849 2590 a
873 2527 1082 2591 coniuratione
1114 2527 1333 2593 sceleratorum
1350 2553 1376 2592 ao

215 2633 376 2698 hominum
399 2635 559 2714 separatus
583 2633 632 2696 sui
655 2632 787 2696 nominis
810 2633 940 2715 primam
964 2633 1042 2696 hanc
1066 2652 1083 2695 a
1105 2632 1229 2698 domino
1257 2654 1334 2698 nun-

174 2747 192 2809 5
216 2739 411 2822 cupationem
434 2739 547 2803 meruit
568 2739 741 2820 impetrare.
773 2738 860 2803 Unde
884 2741 916 2803 et
937 2743 1047 2820 poetae
1070 2739 1142 2803 uani
1169 2739 1335 2804 aedificati-

217 2864 306 2909 onem
329 2845 415 2909 illam
439 2845 476 2909 ad
500 2864 557 2909 sua
578 2845 737 2908 mendacia
755 2845 972 2909 transferentes
991 2845 1133 2929 gigantas
1153 2844 1334 2923 docuerunt,

216 2950 366 3016 Haloidas
396 2950 468 3014 illos
499 2950 685 3014 rebellantes
717 2950 881 3014 ascendere
908 2950 1047 3015 uoluisse
1074 2952 1105 3015 in
1134 2953 1254 3016 caelum
1280 2971 1336 3034 per

217 3056 433 3139 inpositionem
473 3056 626 3120 montium
665 3075 779 3137 usque:
819 3056 890 3120 inde
931 3075 983 3121 eos
1024 3057 1121 3121 fuisse
1161 3057 1334 3123 damnatos.
1354 3082 1378 3120 aa

219 3160 356 3240 Quorum
375 3161 575 3225 deliramenta
597 3181 655 3225 non
678 3163 836 3226 latuerunt
858 3161 991 3244 amplius
1015 3163 1175 3227 scientiam
1199 3183 1234 3227 ac
1257 3165 1336 3248 peri-

220 3269 295 3331 tiam
319 3267 534 3332 Christianam.

304 3441 339 3496 22
356 3440 433 3497 Hom.
452 3438 546 3509 Odyss.
564 3439 580 3492 l
598 3441 648 3494 315

253 3549 270 3602 3
289 3547 380 3615 itaque
393 3548 419 3598 A
471 3549 488 3602 5
507 3545 593 3599 ceeia
611 3550 725 3614 apparet
736 3562 821 3599 unum
835 3546 930 3599 lemma
938 3547 1029 3599 ‘ueluti
1042 3545 1119 3600 labec:
1134 3546 1252 3616 alioquin
1266 3549 1336 3601 enim

219 3633 294 3704 loqui
311 3652 364 3688 non
382 3637 490 3704 poterat
505 3633 585 3688 homo
604 3633 651 3688 sed
668 3633 822 3704 pecudibus,
843 3650 910 3707 quae
927 3635 1001 3703 loqui
1018 3635 1091 3688 nullo
1114 3634 1193 3688 modo
1215 3640 1336 3704 possunt,

221 3722 313 3777 similis
332 3722 384 3776 fuit
470 3724 635 3780 {irationem
653 3722 684 3775 Β
766 3722 928 3778 dorationir
947 3722 1093 3777 Fabricius
1169 3726 1232 3777 eet
1250 3724 1335 3781 omA

222 3812 258 3866 to
275 3827 371 3864 nomen
388 3810 415 3863 Β
432 3827 492 3865 nem
510 3811 536 3863 A
603 3811 637 3868 11
659 3810 721 3866 dnm
740 3810 779 3862 Βι
831 3812 869 3867 14
887 3809 949 3879 quia
969 3810 1104 3881 Oebterus]
1124 3811 1169 3880 qui
1222 3812 1258 3868 15
1274 3813 1337 3866 boo·

223 3917 272 3972 que
291 3902 317 3954 A
335 3900 385 3954 boc
403 3913 482 3969 quoq:
501 3900 528 3953 Β
598 3901 633 3955 16
660 3903 826 3953 concesserat
844 3899 870 3952 A
941 3899 975 3954 17
997 3899 1082 3953 turbis
1100 3893 1292 3954 babellautium
1310 3899 1337 3953 A

256 3987 348 4058 hebrei
366 3987 393 4040 Β
463 3988 499 4041 ra
516 3987 694 4056 septingentis
712 3985 750 4039 A¹
768 3985 837 4042 DCC
855 4003 875 4042 a.
893 4004 914 4041 a.
933 3990 975 4046 tos
993 3989 1021 4041 B
1078 3991 1112 4044 22
1129 3989 1284 4058 impetrare]
1301 3990 1337 4043 im

222 4076 253 4128 ia
270 4076 362 4128 rae·B
422 4077 459 4130 24
476 4073 597 4129 haloidar
614 4075 652 4127 A¹
714 4076 748 4130 25
765 4076 962 4144 impositionem
980 4077 1007 4129 Β
1083 4079 1176 4147 usque]
1195 4079 1276 4146 atque
1293 4076 1337 4131 Si-

223 4163 340 4216 otardus
