2858 4620
246 291 410 355 XXXVIII
668 290 951 359 Prolegomena.

247 483 290 548 M.
305 484 400 548 Tullii
415 483 616 548 diuinationis
630 483 661 547 in
677 483 846 550 Caecilium
864 485 1039 550 aemulatur
1056 487 1282 569 prohoemium,
1298 505 1374 551 cum

248 589 377 655 scribat:
396 591 476 654 duae
488 593 560 654 suut
572 589 730 670 spiritales
742 589 962 672 iutellepeotloe
974 591 1009 654 io
1022 590 1072 656 leis
1084 591 1183 668 dictis,
1198 613 1332 674 qaorum
1343 592 1377 656 si

247 716 342 758 onom
358 697 499 776 sequacis
511 695 619 760 ambos
630 696 807 778 00000100.
823 697 887 760 240
903 695 930 761 G
945 698 1008 761 856
1023 697 1071 783 Μ)
1085 698 1233 763 Arduum
1247 684 1375 764 Terenti

246 797 379 885 (prolog.
404 798 458 886 10)
476 821 554 881 quoe
571 804 599 864 el
615 801 726 881 pueris
746 821 864 882 semper
887 808 931 866 est
952 804 1070 866 tradita
1091 805 1174 868 teste
1192 804 1374 889 Ilugraphio

247 903 382 987 (Terent.
411 905 549 971 comoed.
578 906 626 971 ed.
649 907 686 974 R.
710 907 805 972 Klotz
828 908 844 971 Ι
870 929 899 991 p.
930 907 1005 994 173)
1033 910 1209 994 selegisse
1236 912 1374 975 testatur

248 1010 512 1077 etPhormionem
526 1012 617 1097 (186)
637 1031 671 1077 se
689 1032 782 1078 nosse
801 1013 956 1098 significat
975 1032 1046 1079 oum
1064 1015 1173 1079 scribit
1196 1015 1239 1099 (p.
1258 1016 1323 1080 285
1344 1014 1374 1080 G

248 1115 387 1198 00411)
415 1117 538 1182 laterem
569 1118 688 1182 100000.
720 1120 767 1184 00
796 1118 907 1185 Sacrae
935 1120 1111 1204 Scripturae
1143 1121 1374 1204 exemplaribus

249 1222 361 1303 quibus
384 1223 550 1289 Filastnius
573 1244 651 1290 usus
680 1226 723 1289 eit
743 1225 896 1291 iudicium
918 1227 996 1291 ferre
1021 1226 1204 1310 perdifficile
1227 1231 1277 1292 est
1298 1227 1375 1310 quia

248 1331 280 1392 et
305 1329 510 1413 Septuaginta
537 1330 668 1395 duorum
700 1330 842 1396 defensor
869 1331 971 1396 0101010
997 1331 1165 1397 acerrimus
1188 1330 1268 1415 (cap.
1296 1332 1374 1418 142)

249 1434 280 1498 et
306 1433 465 1499 uersiones
493 1437 615 1499 ueteres
637 1435 763 1500 Latinas
790 1454 884 1500 nosse
905 1436 1032 1501 uidetur
1051 1455 1109 1502 neo
1136 1456 1260 1520 semper
1283 1437 1374 1504 locos

248 1538 356 1603 sedulo
383 1539 520 1623 inspexit
545 1544 602 1604 aut
628 1544 772 1606 accurate
795 1542 970 1624 exscripsit:
995 1561 1056 1625 qua
1081 1542 1113 1607 iu
1140 1561 1173 1606 re
1196 1542 1374 1626 diligentis-

248 1644 363 1710 simum
386 1664 454 1710 esse
478 1646 621 1710 criticum
645 1649 677 1711 et
702 1646 896 1730 philologum
922 1646 1134 1713 Gaudentium
1156 1661 1372 1730 successorem

249 1751 316 1815 eius
335 1770 370 1815 ex
394 1751 514 1816 duobus
536 1752 616 1816 locis
638 1751 824 1835 perspicitur
845 1752 947 1817 uoluti
970 1752 1009 1817 de
1030 1752 1097 1817 Ioh.
1116 1753 1177 1817 XII
1196 1753 1214 1818 7
1241 1753 1286 1836 (p.
1306 1754 1372 1818 314

250 1855 278 1920 G
297 1857 360 1921 935
379 1857 427 1942 Μ)
449 1858 528 1922 11000
549 1857 653 1922 dccet:
675 1857 751 1931 0100,
774 1858 886 1942 iuquit,
905 1878 973 1922 eom
993 1858 1061 1923 siue
1081 1858 1188 1923 eluite:
1209 1863 1374 1940 utramque

211 2048 213 2051 Ι
248 1961 329 2024 enlm
352 1969 381 2026 et
398 1963 433 2025 in
454 1959 584 2026 Graecos
605 1967 635 2026 et
651 1960 777 2027 latiale
795 1962 1019 2044 exemplaribus
1036 1965 1194 2028 inueuilcr
1211 1982 1238 2029 e.
1254 1984 1282 2047 q.
1299 1983 1326 2031 s.
1339 1968 1373 2030 et

250 2066 287 2131 de
314 2069 381 2134 Ich.
408 2069 469 2134 XII
505 2069 544 2132 31
575 2068 617 2152 (p.
645 2069 709 2134 310
738 2067 766 2134 G
793 2070 856 2135 930
883 2068 945 2153 Μ);
976 2070 1114 2135 mittetur
1139 2071 1280 2134 deorsum
1305 2071 1373 2136 siue

248 2173 411 2254 expelletur
429 2175 522 2258 soros
543 2179 578 2238 ut
605 2175 639 2238 iu
665 2176 794 2240 Graecos
816 2176 1040 2256 eaemploribus
1060 2175 1194 2258 holmus.
1223 2175 1371 2243 Sermone

248 2280 381 2364 denique
400 2279 612 2346 Gaudentium
629 2281 676 2346 uti
699 2282 799 2347 multo
822 2282 966 2365 politiore
985 2286 1016 2347 et
1034 2283 1207 2348 0111000111
1229 2302 1370 2350 sermone

249 2385 430 2452 abhorrente
457 2406 494 2451 ex
520 2387 672 2469 hisquae
698 2388 790 2452 modo
818 2389 946 2471 exposui
973 2388 1047 2453 licet
1074 2389 1239 2470 suspicari:
1270 2390 1369 2454 ueluti

249 2511 320 2557 oum
339 2497 445 2572 pectus
468 2494 703 2559 substantiuum
721 2513 780 2559 non
803 2494 981 2559 inueniatur
999 2495 1081 2577 apud
1097 2495 1289 2574 Filastrium,
1312 2496 1370 2560 hcc

248 2597 408 2665 inuenitur
421 2599 504 2681 apud
518 2616 732 2664 successorem
748 2599 815 2664 eius
830 2599 872 2683 (p.
890 2601 953 2663 244
969 2597 998 2664 G
1012 2599 1137 2686 80011)
1151 2600 1184 2663 11
1198 2619 1296 2684 genus
1311 2600 1371 2665 alia

249 2704 286 2769 de
315 2706 428 2787 quibus
460 2724 541 2770 uoua
569 2705 736 2771 Gaudentii
768 2704 903 2770 editione
926 2705 1044 2770 emisse
1072 2707 1165 2770 sicuti
1192 2706 1229 2770 de
1259 2707 1369 2772 multis

250 2811 484 2893 quaestiouibus
509 2831 585 2894 quas
612 2813 643 2876 iu
672 2812 729 2876 hac
755 2811 878 2878 institui
905 2812 1093 2896 praefatione
1121 2813 1236 2877 rectius
1264 2814 1373 2878 licebit

249 2917 396 2984 iudicare.

291 3023 411 3089 Multos
443 3023 619 3089 etiamnunc
653 3024 740 3089 locos
773 3023 978 3088 emendatoris
1010 3042 1136 3088 manum
1168 3023 1308 3109 flagitare
1340 3025 1373 3090 in

240 3130 316 3195 hoc
338 3130 418 3195 libro
453 3129 639 3215 perlegendo
671 3147 779 3195 omnes
815 3128 999 3214 intellegent
1031 3148 1122 3212 quem
1158 3130 1273 3195 librum
1308 3131 1373 3197 iam

140 3319 142 3321 ι
251 3252 331 3304 saec.
354 3235 399 3302 VI
420 3238 473 3301 uel
495 3236 556 3301 VH
578 3240 610 3301 et
636 3236 821 3300 lacunosum
844 3237 876 3305 et
902 3234 1021 3317 passim
1045 3239 1224 3318 conuptum
1249 3237 1373 3303 mendis

182 3406 184 3410 .
249 3343 443 3408 librariorum
468 3343 565 3407 fuisse
584 3342 727 3407 codicum
746 3341 863 3405 euiucit
882 3359 1060 3406 cousensus.
1082 3342 1276 3407 Lacunamm
1295 3362 1374 3426 quas

249 3448 388 3514 indicaui
418 3450 635 3532 supplementa
666 3466 745 3530 quae
776 3446 807 3510 in
839 3446 1035 3514 adnotatione
1066 3449 1215 3533 proposui
1240 3467 1275 3513 ee
1302 3467 1374 3514 esse

251 3555 323 3620 duxi
354 3555 466 3637 quibus
493 3555 554 3620 uiri
581 3556 665 3641 docti
691 3555 858 3619 incitentur
889 3554 927 3618 ad
953 3554 1081 3618 meliora
1111 3555 1304 3620 inuenienda.
1337 3556 1374 3620 In

250 3661 328 3726 locis
356 3661 387 3728 S.
413 3662 445 3728 S.
473 3662 645 3727 adferendis
671 3661 727 3725 ubi
749 3660 883 3725 Fabricii
906 3679 998 3744 opere
1020 3661 1184 3725 deficiebat
1205 3661 1283 3726 nihil
1309 3662 1374 3727 fere

207 3781 210 3787 ’
249 3769 387 3850 reliquae
403 3768 555 3834 editiones
574 3768 820 3850 opitulabantur:
841 3767 942 3849 capite
965 3767 1089 3851 singula
1111 3767 1141 3831 in
1163 3768 1373 3851 paragraphos

252 3873 407 3938 dixtribui.
426 3873 608 3957 DecrepItae
626 3872 720 3937 huius
734 3871 914 3937 Latinitatis
931 3873 1066 3938 indicem
1080 3874 1247 3938 uerborum
1259 3873 1292 3938 in
1312 3892 1374 3957 quo

251 3981 373 4045 nullum
396 3981 486 4046 deest
511 3981 698 4046 uocabulum
723 3999 817 4062 quare
840 3981 1026 4045 confecerim
1052 3981 1137 4063 inp.
1164 3979 1375 4045 160011οο-

251 4072 337 4152 tione
365 4087 506 4168 oxposui:
531 4106 624 4170 quem
649 4084 784 4151 indicem
806 4087 950 4168 quamuis
978 4086 1106 4151 excedat
1131 4086 1209 4151 fines
1235 4087 1284 4151 his
1312 4086 1375 4150 edi·

252 4190 389 4268 tionibus
420 4196 596 4278 propositos
629 4193 773 4269 omnibus
804 4191 914 4257 utilem
946 4193 1011 4258 fore
1038 4193 1158 4258 confido
1186 4194 1375 4277 quicumque
