2858 4620
185 272 225 343 60
369 273 544 327 FILAS'IRII
563 271 791 326 DIVER-SARVM
809 270 998 328 HERESEON
1015 271 1121 325 LIBER

184 470 244 531 est
274 467 527 532 intellectus.
563 467 616 531 Et:
654 467 774 530 Homo
811 466 848 529 in
886 465 1033 530 honore
1067 485 1150 530 cum
1183 471 1304 546 esset,

183 594 253 639 non
286 573 506 650 intellexit,
539 575 781 655 conparatus
819 575 880 636 est
914 559 1140 654 pecudib'us
1178 573 1304 637 insen-

139 679 159 741 4
185 679 299 755 satis,
324 683 362 744 et
390 678 539 744 similis
567 679 698 743 iactus
726 680 787 742 ost
813 678 912 742 illis.
944 677 1060 744 Sensus
1083 679 1188 761 itaque
1211 697 1304 761 pecu·

184 785 397 862 domanium
422 789 453 848 et
480 785 668 866 serpentium
697 785 858 849 nobiscum
887 785 1061 850 communis
1090 790 1140 850 est
1166 804 1303 866 corpore,

181 891 359 956 inteHsctus
383 894 487 955 autem
510 891 706 956 solummodo
730 894 779 954 est
800 890 972 969 hominurn,
995 891 1028 955 id
1055 892 1104 955 est
1129 890 1303 956 inmortalis
1335 907 1340 948 a

184 997 302 1061 animae
324 998 463 1078 potentia
486 996 523 1060 do
547 998 653 1061 sancto
672 997 704 1061 in
729 1016 796 1060 eam
820 996 924 1060 infusa
946 997 1068 1078 spiritu,
1093 1016 1171 1079 quae
1198 997 1304 1080 imago

183 1103 232 1167 dei
256 1105 304 1166 est
322 1102 487 1188 appellata²
506 1122 584 1184 quae
606 1101 655 1166 his
679 1101 822 1167 omnibus
845 1102 986 1182 imporat,
1010 1102 1092 1186 regit
1109 1121 1144 1166 ac
1162 1102 1305 1185 possidet

182 1209 329 1273 uniuersa
348 1210 481 1291 copiose,
500 1212 537 1273 ut
555 1209 706 1291 scriptum
731 1211 792 1273 est:
817 1208 915 1272 Dedi
939 1208 1056 1273 uobis
1080 1209 1207 1272 omnia
1230 1208 1302 1273 suh

183 1313 415 1401 potestatui}

678 1473 808 1537 LXXIII
1320 1493 1340 1532 rr

129 1646 166 1703 01
226 1630 296 1695 Alia
319 1636 367 1696 est
388 1632 506 1697 heresis
530 1651 607 1713 quae
630 1632 707 1695 dicit
729 1631 827 1694 malos
850 1650 939 1715 reges
962 1633 994 1695 et
1015 1631 1302 1713 pseudoprophetas

183 1756 242 1801 non
267 1757 284 1800 a
312 1756 369 1801 sua
395 1738 500 1801 uenire
529 1743 560 1800 et
586 1737 652 1800 fieri
679 1736 852 1812 uoluntate,
881 1736 936 1800 sed
963 1755 981 1799 a
1008 1736 1057 1800 dei
1083 1735 1221 1800 iussione
1248 1754 1302 1800 eos

183 1843 309 1918 inmitti,
328 1843 506 1926 ignorantes
530 1842 612 1924 quod
635 1862 694 1906 non
718 1860 737 1905 a
759 1841 815 1906 deo
838 1843 911 1906 illos
929 1841 997 1906 fieri
1013 1840 1302 1923 pseudoprophetas

184 1954 238 2012 aut
260 1951 359 2014 malos
383 1969 470 2032 reges
495 1950 664 2032 scripturae
689 1948 880 2026 adnuntiant,
905 1949 959 2012 sed
983 1952 1089 2012 contra
1116 1948 1165 2012 dei
1193 1947 1302 2012 uolun-

184 2058 279 2118 tatem
303 2074 360 2119 sua
381 2057 541 2119 uoluntate
566 2059 597 2119 et
618 2054 736 2119 inimici
759 2055 959 2138 suggestione
987 2055 1032 2118 sic
1060 2072 1112 2117 eos
1140 2053 1284 2117 aduenire
1300 2053 1304 2137 1
1320 2076 1340 2115 ra

139 2161 349 2236 2declarant
381 2164 418 2225 ut
443 2161 565 2225 iamnes
598 2163 630 2225 et
655 2160 811 2225 Mambres
845 2164 951 2225 contra
976 2160 1085 2224 Mosen
1116 2159 1242 2223 beatum
1270 2160 1303 2223 et

182 2269 283 2331 Aaron
316 2267 490 2332 sacerdotes
524 2267 572 2331 dei
604 2268 662 2332 sub
694 2267 830 2332 Faraone
863 2287 919 2331 sua
949 2268 1098 2330 uenerant
1127 2266 1301 2341 uoluntate,

184 2393 254 2437 cum
277 2373 360 2438 dicat
382 2373 548 2456 scriptura:
581 2373 865 2456 Reguauerunt
893 2391 965 2436 uon
993 2390 1061 2453 per
1087 2389 1154 2446 me,
1178 2388 1301 2452 neque

182 2500 247 2562 per
278 2479 467 2562 spiritum
499 2499 635 2557 meum,
668 2479 769 2543 dicit
801 2478 992 2544 dominus.
1029 2477 1069 2540 Et
1101 2476 1138 2540 do
1168 2476 1301 2557 pseudo-

182 2586 341 2668 prophetis
365 2585 423 2649 ita:
447 2585 552 2649 Haec
576 2585 674 2650 dicit
701 2585 883 2649 dominus
912 2584 954 2646 ad
982 2581 1300 2666 pseudoprophe-
1319 2609 1340 2650 eo

182 2696 260 2757 tas:
296 2692 378 2756 Non
410 2691 507 2754 illos
539 2684 745 2774 mittebam
778 2695 815 2755 et
845 2690 912 2754 illi
934 2690 1047 2754 ibant
1076 2688 1114 2752 in
1142 2688 1298 2751 nomine

139 2800 158 2862 3
180 2817 262 2862 mco
278 2797 523 2880 prophetare.
540 2798 668 2878 Propter
679 2796 863 2879 quodetiam
877 2798 983 2860 contra
995 2796 1068 2859 illos
1083 2813 1173 2876 saepe
1189 2795 1299 2858 mortis

181 2908 212 2970 ct
234 2905 265 2969 in
288 2903 347 2968 hoo
370 2903 484 2967 mundo
504 2902 685 2986 condignam
706 2903 847 2967 dominus
866 2901 1003 2966 decernit
1021 2901 1206 2965 sententiam
1224 2919 1300 2962 nun-

180 3011 296 3076 tiando.
325 3008 393 3073 Non
421 3013 494 3072 sunt
520 3010 625 3092 itaque
649 3008 744 3073 adeo
767 3007 1053 3091 pseudoprophetae
1076 3005 1176 3083 missi,
1200 3024 1300 3087 nequo

180 3134 270 3198 reges
284 3114 371 3196 impii
385 3115 564 3179 resedentes
581 3114 745 3191 adomino‚
761 3113 816 3177 sed
835 3114 894 3177 etsi
913 3114 1084 3177 excitantur
1101 3111 1175 3175 mali
1194 3113 1301 3174 contra
1316 3139 1340 3180 25

181 3222 280 3285 malos
312 3221 467 3285 interdum
496 3220 672 3284 dimittente
700 3219 834 3296 domino,
862 3221 919 3284 hoo
943 3219 1083 3303 gignitur
1108 3221 1145 3281 ut
1167 3236 1185 3280 a
1207 3216 1298 3280 malis

139 3328 158 3391 4
181 3326 255 3388 mali
278 3328 506 3389 consumuntur.
537 3325 616 3388 Boni
640 3324 751 3388 etenim
776 3325 965 3388 sustinentes
988 3322 1244 3406 persecutionem,
1269 3326 1300 3385 et

269 3515 398 3570 lPsalm.
416 3513 528 3566 XLVIII
547 3513 587 3567 13.
606 3515 637 3567 21
726 3511 860 3569 sueni
878 3514 912 3566 29
995 3511 1204 3567 itiII'Iimoth.
1222 3509 1298 3565 1118

183 3605 216 3659 18
234 3599 279 3655 Os,
297 3601 362 3656 VIII
380 3604 397 3657 4
417 3601 493 3670 (Gen.
512 3601 550 3655 VI
568 3602 595 3669 3)
650 3601 685 3656 19
701 3601 793 3654 ierem.
812 3600 902 3653 XXIII
922 3601 961 3653 15.
980 3600 1012 3652 21

215 3725 417 3793 2οοηψεηῒυε
435 3723 462 3778 A
551 3725 701 3778 insensatus
719 3723 757 3776 Βῑ
840 3720 1002 3791 3pecodum
1020 3721 1048 3773 A
1134 3719 1253 3776 danimi
1271 3720 1298 3772 A

216 3799 261 3866 sca
279 3811 306 3866 A
357 3815 372 3868 7
391 3814 449 3882 regi
466 3813 493 3865 A
553 3813 588 3869 12
605 3812 722 3866 iussione
740 3827 785 3866 eos
803 3812 905 3865 inmitti
922 3811 948 3863 A
966 3826 1011 3864 eos
1028 3810 1146 3863 iussione
1165 3809 1253 3863 emitti
1270 3809 1298 3861 Β

182 3893 217 3958 13
234 3900 281 3954 illo
300 3900 326 3954 A
371 3901 405 3956 15
423 3911 472 3954 sua
490 3901 628 3955 uoluntate
646 3900 675 3955 A
714 3901 749 3956 tc
766 3899 884 3955 declarat
900 3897 927 3951 A
979 3899 1071 3951 iannes
1090 3900 1118 3951 et
1136 3897 1252 3951 iambres
1271 3897 1298 3950 Β

183 3988 546 4059 rcpspouooprophetio13¹
580 3990 616 4044 20
634 3986 700 4042 dicit
713 4004 755 4042 om
769 3988 795 4040 A
847 3983 1111 4056 pepeudoprophetas
1125 3984 1163 4037 B¹
1198 3987 1235 4041 24
1252 4002 1297 4054 ps·

107 4077 110 4082 ’
181 4077 415 4148 peudoprophetae
428 4077 456 4130 Β
493 4080 528 4134 21
541 4093 557 4131 a
571 4076 676 4131 domiuo
691 4077 773 4132 omA
826 4076 878 4130 etsi
896 4075 1042 4129 excitantur
1059 4072 1123 4127 mali
1137 4073 1164 4126 Β
1177 4073 1200 4126 si
1215 4074 1297 4127 exeit-

182 4170 230 4219 ant
248 4165 324 4219 malis
341 4167 367 4219 A
402 4169 437 4222 26
455 4166 504 4222 hoc
523 4182 565 4221 om
583 4166 609 4218 A
644 4167 678 4222 27
697 4166 884 4218 consumantur
901 4161 1060 4230 Scottorum]
1081 4165 1298 4216 consummantur
