2858 4620
143 293 274 357 XXXIV
558 288 843 356 Prolegomenn.

144 485 256 553 moniis
289 484 472 549 confidimus
505 482 578 562 quia
609 480 728 544 similes
761 480 948 544 differentiae
979 480 1010 544 in
1043 481 1112 546 aliis
1142 484 1261 566 conspi-

145 592 269 654 ciuntur
296 589 473 653 uocabulis:
506 589 660 651 testantur
686 605 796 668 nempe
822 585 870 650 illi
891 586 1072 651 Filastrium
1100 589 1262 670 scripsisse

136 694 278 778 filosrosos
305 694 428 766 similia,
453 693 508 757 sed
535 711 658 775 semper
683 690 873 771 blasphemus
893 692 1046 772 propheto
1073 693 1165 758 sicuti
1189 714 1261 759 nus-

145 818 236 881 quam
268 800 379 864 eodone
410 798 544 862 traditur
576 798 631 862 sed
661 798 758 862 isdem
788 799 915 881 ubique,
943 818 1096 880 nusquam
1126 801 1177 878 iis,
1206 801 1259 866 sed

144 925 265 988 semper
291 907 345 984 eie,
372 924 526 986 nusquam
552 903 586 966 di
612 903 670 981 dis,
695 924 816 986 semper
843 904 890 968 dii
915 904 987 982 diis,
1009 925 1162 988 nusquam
1185 906 1262 990 iufe-

144 1013 261 1074 rooedae
284 1010 398 1076 similia
421 1011 476 1074 sed
498 1008 687 1088 inferendae.
712 1010 851 1091 Denique
874 1012 957 1075 recte
976 1009 1007 1072 A
1030 1011 1174 1074 adtamen
1197 1029 1262 1094 cap.

146 1119 216 1191 141,
240 1119 271 1183 4.
297 1116 369 1194 156,
394 1119 413 1180 t
442 1116 535 1180 sicuti
563 1115 682 1198 lapidea
710 1117 827 1180 seruati
855 1117 944 1199 (conf
969 1116 1032 1182 ind.
1056 1119 1141 1182 uerh.
1165 1136 1190 1180 s.
1214 1118 1260 1202 u.)

143 1224 198 1287 ubi
223 1222 256 1287 B
286 1226 420 1286 ettamen
454 1225 484 1286 et
515 1221 560 1285 ita
589 1221 707 1304 passim
740 1221 886 1286 differunt
915 1221 947 1286 in
977 1221 1261 1306 praepositionibus

143 1330 318 1404 uerborum,
350 1334 432 1393 recte
460 1327 491 1406 A
524 1327 643 1392 cottidie
673 1328 816 1410 plurimis
848 1328 937 1405 locis,
964 1328 1014 1392 bis
1045 1327 1261 1393 tantummodo

143 1435 249 1499 cotidie
272 1454 338 1518 cap.
360 1436 431 1508 111,
454 1435 482 1497 1.
506 1434 579 1509 121,
599 1434 617 1496 7
626 1455 633 1496 :
659 1432 713 1497 sed
736 1433 903 1517 nil‘magis
927 1433 1039 1498 mirum
1063 1451 1155 1515 quam
1179 1433 1262 1514 quod

143 1538 175 1603 B
198 1540 250 1623 qui
272 1560 373 1623 usque
396 1541 434 1604 ad
458 1559 524 1620 cap.
551 1540 623 1614 111;
649 1540 665 1601 1
691 1557 813 1620 semper
835 1540 948 1604 habeat
969 1540 1088 1616 cotidie,
1112 1539 1167 1603 illo
1192 1539 1261 1604 loco

142 1651 225 1712 recte
253 1650 346 1729 ponat
373 1647 494 1709 cottidie
521 1665 644 1727 semper
670 1648 707 1710 ut
732 1645 859 1711 uidetur
885 1633 1067 1711 emendandi
1090 1646 1262 1716 studiosus.

144 1772 209 1834 cap.
236 1753 307 1827 120,
334 1753 362 1814 7.
388 1752 460 1829 149,
484 1753 514 1815 2.
538 1753 569 1816 4.
595 1752 667 1830 150,
691 1752 711 1815 3
734 1755 866 1834 uterque
888 1752 1018 1827 cottidie,
1043 1753 1116 1828 121,
1137 1754 1155 1816 7
1180 1754 1263 1816 uter-

144 1878 203 1940 que
226 1857 342 1933 cotidie,
367 1856 495 1937 reliquis
526 1856 604 1921 locis
636 1857 744 1921 cotidie
765 1855 799 1920 B
820 1857 942 1921 cottidie
962 1857 1001 1923 A.
1033 1857 1166 1921 Diuersa
1187 1857 1264 1920 utri-

143 1983 241 2045 usque
264 1961 381 2031 lihrarii
404 1961 523 2026 indoles
543 1962 659 2044 optime
677 1963 788 2046 patefit
806 1983 872 2045 cap.
893 1964 945 2042 95,
967 1966 983 2027 1
1003 1964 1057 2028 ubi
1076 1962 1262 2046 archetypus

142 2070 326 2152 praebuerat
352 2064 451 2144 YAH,
479 2067 559 2132 unde
582 2069 627 2131 A:
660 2053 731 2150 y-ct‘h,
759 2067 792 2131 B
818 2069 885 2153 lapte
913 2070 1005 2135 hodie
1028 2070 1186 2134 exhibent:
1211 2069 1263 2133 nel

148 2174 281 2240 Graecas
312 2174 431 2238 litteras
464 2179 622 2238 auctorem
648 2175 836 2239 recensionis
859 2173 892 2237 B
917 2173 1042 2241 nouisse
1069 2175 1140 2240 inde
1168 2176 1264 2239 mani-

8 2285 264 2379 ‘qm-festum
292 2284 348 2347 est.
386 2280 472 2361 Quae
495 2281 562 2345 cius
586 2282 722 2346 doctrina
745 2282 824 2347 libro
847 2301 905 2347 non
929 2301 1050 2363 semper
1073 2285 1139 2346 erat
1160 2281 1263 2346 utilis:

12 2393 121 2486 cmg
144 2390 249 2456 ueluti
272 2408 337 2472 cap.
362 2390 414 2466 323
438 2389 457 2450 2
482 2387 633 2471 scriptum
655 2388 729 2452 fuit:
766 2389 804 2452 de
829 2408 922 2452 sensu
944 2392 1046 2452 autem
1067 2389 1212 2451 uirtutem
1236 2391 1265 2450 et

142 2496 334 2576 sapientiam,
348 2494 389 2584 'A
417 2495 556 2577 praehet:
582 2544 589 2558 .
607 2543 614 2559 .
630 2544 637 2558 .
653 2497 681 2558 et
708 2494 853 2557 uirtutem
875 2495 1070 2574 sapientiam,
1093 2492 1142 2556 B:
1157 2542 1164 2557 .
1181 2541 1187 2557 .
1205 2542 1212 2557 .
1236 2497 1265 2556 ct

142 2604 255 2666 rtirtote
275 2601 471 2681 sapientiam,
496 2600 654 2682 cap.103‚
676 2602 691 2662 1
714 2599 864 2681 scriptum
887 2599 962 2663 fuit:
985 2600 1152 2670 secuudum
1164 2619 1264 2680 popa-

142 2728 252 2772 ororum
273 2706 442 2770 tenuitatem
459 2705 594 2770 stdeoom
609 2753 617 2767 .
631 2753 638 2768 .
651 2705 779 2769 nomino
789 2705 954 2786 profitetur
972 2705 1027 2769 uhi
1044 2705 1092 2767 A:
1111 2705 1262 2784 pecudum

137 2833 333 2896 papauerum
363 2813 533 2889 uastitatem
548 2859 555 2875 .
572 2858 579 2874 .
596 2859 615 2889 .,
637 2809 675 2873 Β
701 2811 829 2893 praebet
859 2811 988 2892 politius
1012 2811 1086 2877 hoc:
1113 2810 1263 2890 pecodem

138 2939 333 3000 propositorum
364 2918 526 2981 capitote.
542 2965 550 2982 .
568 2964 587 2994 .‚
615 2935 681 2998 cap.
706 2918 757 2988 99,
781 2918 980 3001 3sc1iptum
1007 2917 1081 2981 fuit:
1111 2915 1212 2980 iliud.
1230 2965 1237 2980 .
1255 2965 1262 2980 .

135 3025 329 3107 filosoforam
350 3025 461 3087 inopes
481 3023 649 3091 sententiae
670 3022 827 3101 adserunt,
851 3023 906 3087 uhi
924 3023 973 3086 A:
995 3024 1175 3087 ...ioooes
1196 3042 1263 3086 seo-

144 3131 255 3194 teotioe
281 3129 470 3207 adheserunt,
498 3127 531 3191 B
557 3129 652 3220 habet
666 3178 674 3193 .
690 3177 697 3192 .
714 3178 722 3193 .
739 3130 828 3192 iconi
853 3129 1020 3193 sentcntiae
1047 3129 1262 3204 adhaeserunt

144 3255 209 3319 cap.
235 3237 307 3311 150,
333 3237 351 3299 3
379 3236 467 3298 iacto
495 3235 577 3318 quod
603 3236 686 3315 cupit
713 3235 852 3319 quisquis
878 3241 906 3299 et
933 3235 1088 3299 desiderat
1113 3237 1197 3300 recte
1221 3234 1262 3313 A,

144 3362 214 3406 cum
237 3341 270 3404 B
291 3341 404 3406 haheat
425 3341 514 3404 iccata·
536 3340 617 3420 qood
639 3342 722 3421 capit
744 3341 883 3425 quisquis
910 3341 1072 3419 desideret,
1095 3341 1263 3405 relatiuum

143 3466 310 3530 pronomen
341 3447 570 3512 restituendum
600 3465 668 3511 esse
695 3451 792 3524 ratus,
816 3448 905 3511 iacto
932 3448 1012 3528 qood
1034 3447 1161 3527 quisque
1184 3447 1263 3510 desi-

136 3545 231 3618 ,derot
254 3551 420 3617 Sichardus
445 3553 589 3617 similiter
613 3553 666 3635 qni
688 3553 864 3634 peccauerit
887 3556 916 3617 et
938 3553 983 3617 sic
1001 3554 1128 3636 passim.
1152 3552 1262 3634 ltaque

144 3679 160 3723 a
184 3659 242 3724 cod
264 3659 296 3722 A
319 3659 473 3742 scriptura
496 3659 618 3724 nonnisi
642 3659 824 3726 certissimis
848 3659 1020 3725 rationibus
1047 3663 1174 3725 coactus
1201 3660 1263 3725 dis·

144 3765 226 3830 cessi
248 3768 280 3830 et
302 3765 332 3829 in
356 3765 577 3848 orthographia
594 3760 677 3830 hunc
697 3765 896 3847 potissimum
915 3765 1026 3830 ducem
1046 3766 1172 3830 secutus
1192 3786 1263 3831 sum

143 3872 198 3938 ubi
225 3871 296 3935 aliis
325 3890 407 3935 eram
435 3872 606 3936 dest'tutus
633 3871 816 3936 rationibus.
855 3868 922 3949 Qua
948 3871 980 3934 in
1008 3891 1041 3935 re
1063 3871 1122 3936 hoc
1144 3891 1263 3948 moneo,

8 3967 10 3971 ’
142 3977 173 4041 in
205 3976 368 4042 uocabulis
401 3977 505 4059 qualia
537 3980 611 4041 sunt
641 3976 756 4040 cochem
787 3975 923 4040 coelestia
947 3998 1053 4058 pocae.
1069 3976 1263 4057 poenitentia

139 4081 285 4162 praedico
307 4081 460 4145 samolum
484 4073 553 4145 aliis
577 4101 706 4163 quorum
728 4081 764 4146 de
785 4082 1004 4166 orthographia
1022 4082 1101 4145 nihil
1118 4082 1263 4146 adnotaui

142 4187 414 4270 grammaticorum
428 4189 614 4271 scripturam
633 4187 756 4252 codices
773 4188 866 4271 longe
880 4188 1023 4270 plurimis
1039 4189 1120 4252 locis
1138 4189 1261 4253 testari:
