<?xml version="1.0" encoding="UTF-8"?>
<!DOCTYPE html PUBLIC "-//W3C//DTD XHTML 1.0 Transitional//EN"
    "http://www.w3.org/TR/xhtml1/DTD/xhtml1-transitional.dtd">
<html xmlns="http://www.w3.org/1999/xhtml" xml:lang="en" lang="en">
 <head>
  <title>
</title>
<meta http-equiv="Content-Type" content="text/html;charset=utf-8" />
  <meta name='ocr-system' content='tesseract 3.04.00' />
  <meta name='ocr-capabilities' content='ocr_page ocr_carea ocr_par ocr_line ocrx_word'/>
</head>
<body>
  <div class='ocr_page' id='page_1' title='image "./sanctifilastrii00marxgoog_0056.png"; bbox 0 0 2858 4620; ppageno 0'>
   <div class='ocr_carea' id='block_1_1' title="bbox 618 301 1223 372">
    <p class='ocr_par' dir='ltr' id='par_1_1' title="bbox 618 301 1223 372">
     <span class='ocr_line' id='line_1_1' title="bbox 618 301 1223 372; baseline 0 -18"><span class='ocrx_word' id='word_1_1' title='bbox 618 301 713 355; x_wconf 82' lang='lat' dir='ltr'><strong>1-rr.</strong></span> <span class='ocrx_word' id='word_1_2' title='bbox 1203 309 1223 372; x_wconf 86' lang='lat'>3</span> 
     </span>
    </p>
   </div>
   <div class='ocr_carea' id='block_1_2' title="bbox 76 491 1265 1422">
    <p class='ocr_par' dir='ltr' id='par_1_2' title="bbox 76 491 1265 1422">
     <span class='ocr_line' id='line_1_2' title="bbox 104 491 1223 577; baseline 0.003 -20"><span class='ocrx_word' id='word_1_3' title='bbox 104 493 215 558; x_wconf 89' lang='lat' dir='ltr'><strong>creatis</strong></span> <span class='ocrx_word' id='word_1_4' title='bbox 243 491 421 556; x_wconf 92' lang='lat' dir='ltr'><strong>hominihus</strong></span> <span class='ocrx_word' id='word_1_5' title='bbox 448 492 536 557; x_wconf 88' lang='lat' dir='ltr'><strong>initio</strong></span> <span class='ocrx_word' id='word_1_6' title='bbox 565 497 596 566; x_wconf 91' lang='lat' dir='ltr'><strong>et</strong></span> <span class='ocrx_word' id='word_1_7' title='bbox 622 492 741 577; x_wconf 85' lang='lat' dir='ltr'><strong>angelis</strong></span> <span class='ocrx_word' id='word_1_8' title='bbox 768 493 799 562; x_wconf 89' lang='lat' dir='ltr'><strong>in</strong></span> <span class='ocrx_word' id='word_1_9' title='bbox 828 493 1020 559; x_wconf 78' lang='lat' dir='ltr'><strong>dissensione</strong></span> <span class='ocrx_word' id='word_1_10' title='bbox 1042 496 1223 561; x_wconf 84' lang='lat' dir='ltr'><strong>constitutis</strong></span> 
     </span>
     <span class='ocr_line' id='line_1_3' title="bbox 92 599 1223 681; baseline 0.003 -18"><span class='ocrx_word' id='word_1_11' title='bbox 92 600 205 664; x_wconf 74' lang='lat' dir='ltr'><strong>&#39;tenuit</strong></span> <span class='ocrx_word' id='word_1_12' title='bbox 238 599 348 663; x_wconf 88' lang='lat' dir='ltr'><strong>uirtus.</strong></span> <span class='ocrx_word' id='word_1_13' title='bbox 370 599 401 662; x_wconf 92' lang='lat' dir='ltr'><strong>in</strong></span> <span class='ocrx_word' id='word_1_14' title='bbox 435 599 519 663; x_wconf 87' lang='lat' dir='ltr'><strong>caelo</strong></span> <span class='ocrx_word' id='word_1_15' title='bbox 550 599 696 675; x_wconf 84' lang='lat' dir='ltr'><strong>feminea3</strong></span> <span class='ocrx_word' id='word_1_16' title='bbox 730 600 813 681; x_wconf 89' lang='lat' dir='ltr'><strong>apud</strong></span> <span class='ocrx_word' id='word_1_17' title='bbox 844 618 897 664; x_wconf 88' lang='lat' dir='ltr'><strong>eos</strong></span> <span class='ocrx_word' id='word_1_18' title='bbox 925 600 1005 664; x_wconf 91' lang='lat' dir='ltr'><strong>enim</strong></span> <span class='ocrx_word' id='word_1_19' title='bbox 1033 602 1165 666; x_wconf 89' lang='lat' dir='ltr'><strong>masculi</strong></span> <span class='ocrx_word' id='word_1_20' title='bbox 1192 605 1223 666; x_wconf 91' lang='lat' dir='ltr'><strong>et</strong></span> 
     </span>
     <span class='ocr_line' id='line_1_4' title="bbox 102 703 1265 790; baseline 0.002 -22"><span class='ocrx_word' id='word_1_21' title='bbox 102 705 245 782; x_wconf 82' lang='lat' dir='ltr'><strong>feminae,</strong></span> <span class='ocrx_word' id='word_1_22' title='bbox 274 704 317 768; x_wconf 91' lang='lat' dir='ltr'><strong>dii</strong></span> <span class='ocrx_word' id='word_1_23' title='bbox 345 705 481 787; x_wconf 89' lang='lat' dir='ltr'><strong>deaeque</strong></span> <span class='ocrx_word' id='word_1_24' title='bbox 509 724 576 770; x_wconf 86' lang='lat' dir='ltr'><strong>esse</strong></span> <span class='ocrx_word' id='word_1_25' title='bbox 603 708 761 788; x_wconf 87' lang='lat' dir='ltr'><strong>putantur.</strong></span> <span class='ocrx_word' id='word_1_26' title='bbox 795 703 885 784; x_wconf 80' lang='lat' dir='ltr'><strong>Quod</strong></span> <span class='ocrx_word' id='word_1_27' title='bbox 911 706 1085 790; x_wconf 87' lang='lat' dir='ltr'><strong>pernidens,</strong></span> <span class='ocrx_word' id='word_1_28' title='bbox 1112 707 1222 790; x_wconf 89' lang='lat' dir='ltr'><strong>inquit,</strong></span> <span class='ocrx_word' id='word_1_29' title='bbox 1246 709 1265 770; x_wconf 82' lang='lat'><strong>2</strong></span> 
     </span>
     <span class='ocr_line' id='line_1_5' title="bbox 103 810 1223 895; baseline 0.002 -21"><span class='ocrx_word' id='word_1_30' title='bbox 103 814 210 886; x_wconf 87' lang='lat' dir='ltr'><strong>mater,</strong></span> <span class='ocrx_word' id='word_1_31' title='bbox 244 811 316 893; x_wconf 92' lang='lat' dir='ltr'><strong>quia</strong></span> <span class='ocrx_word' id='word_1_32' title='bbox 348 811 471 876; x_wconf 83' lang='lat' dir='ltr'><strong>occisus</strong></span> <span class='ocrx_word' id='word_1_33' title='bbox 504 813 552 875; x_wconf 87' lang='lat' dir='ltr'><strong>est</strong></span> <span class='ocrx_word' id='word_1_34' title='bbox 581 811 661 876; x_wconf 84' lang='lat' dir='ltr'><strong>Ahel</strong></span> <span class='ocrx_word' id='word_1_35' title='bbox 692 811 805 887; x_wconf 88' lang='lat' dir='ltr'><strong>iustus,</strong></span> <span class='ocrx_word' id='word_1_36' title='bbox 843 810 997 895; x_wconf 84' lang='lat' dir='ltr'><strong>cogitauit</strong></span> <span class='ocrx_word' id='word_1_37' title='bbox 1033 814 1069 876; x_wconf 91' lang='lat' dir='ltr'><strong>nt</strong></span> <span class='ocrx_word' id='word_1_38' title='bbox 1103 815 1223 895; x_wconf 87' lang='lat' dir='ltr'><strong>pareret</strong></span> 
     </span>
     <span class='ocr_line' id='line_1_6' title="bbox 76 915 1221 1001; baseline 0.006 -26"><span class='ocrx_word' id='word_1_39' title='bbox 76 917 223 982; x_wconf 74' lang='lat' dir='ltr'><strong>sinstum</strong></span> <span class='ocrx_word' id='word_1_40' title='bbox 242 915 327 993; x_wconf 81' lang='lat' dir='ltr'><strong>Seth,</strong></span> <span class='ocrx_word' id='word_1_41' title='bbox 350 916 381 980; x_wconf 93' lang='lat' dir='ltr'><strong>in</strong></span> <span class='ocrx_word' id='word_1_42' title='bbox 406 937 497 999; x_wconf 92' lang='lat' dir='ltr'><strong>quem</strong></span> <span class='ocrx_word' id='word_1_43' title='bbox 520 921 551 982; x_wconf 92' lang='lat' dir='ltr'><strong>et</strong></span> <span class='ocrx_word' id='word_1_44' title='bbox 574 917 742 983; x_wconf 87' lang='lat' dir='ltr'><strong>collocauit</strong></span> <span class='ocrx_word' id='word_1_45' title='bbox 762 936 893 1001; x_wconf 84' lang='lat' dir='ltr'><strong>magnae</strong></span> <span class='ocrx_word' id='word_1_46' title='bbox 915 917 1043 982; x_wconf 91' lang='lat' dir='ltr'><strong>nirtntis</strong></span> <span class='ocrx_word' id='word_1_47' title='bbox 1067 918 1221 1001; x_wconf 88' lang='lat' dir='ltr'><strong>spiritum,</strong></span> 
     </span>
     <span class='ocr_line' id='line_1_7' title="bbox 103 1021 1264 1106; baseline 0.002 -20"><span class='ocrx_word' id='word_1_48' title='bbox 103 1026 138 1087; x_wconf 93' lang='lat' dir='ltr'><strong>ut</strong></span> <span class='ocrx_word' id='word_1_49' title='bbox 159 1022 283 1106; x_wconf 84' lang='lat' dir='ltr'><strong>possint</strong></span> <span class='ocrx_word' id='word_1_50' title='bbox 305 1021 433 1100; x_wconf 82' lang='lat' dir='ltr'><strong>destrui,</strong></span> <span class='ocrx_word' id='word_1_51' title='bbox 457 1024 568 1106; x_wconf 81' lang='lat' dir='ltr'><strong>inquit,</strong></span> <span class='ocrx_word' id='word_1_52' title='bbox 592 1024 726 1088; x_wconf 86' lang='lat' dir='ltr'><strong>uirtutes</strong></span> <span class='ocrx_word' id='word_1_53' title='bbox 753 1023 907 1087; x_wconf 88' lang='lat' dir='ltr'><strong>inimicae.</strong></span> <span class='ocrx_word' id='word_1_54' title='bbox 938 1023 985 1087; x_wconf 91' lang='lat' dir='ltr'><strong>De</strong></span> <span class='ocrx_word' id='word_1_55' title='bbox 1014 1022 1090 1092; x_wconf 85' lang='lat' dir='ltr'><strong>Seth</strong></span> <span class='ocrx_word' id='word_1_56' title='bbox 1117 1027 1222 1088; x_wconf 89' lang='lat' dir='ltr'><strong>entem</strong></span> <span class='ocrx_word' id='word_1_57' title='bbox 1244 1026 1264 1088; x_wconf 86' lang='lat'><strong>3</strong></span> 
     </span>
     <span class='ocr_line' id='line_1_8' title="bbox 101 1126 1222 1214; baseline 0.002 -23"><span class='ocrx_word' id='word_1_58' title='bbox 101 1129 169 1211; x_wconf 92' lang='lat' dir='ltr'><strong>ipso</strong></span> <span class='ocrx_word' id='word_1_59' title='bbox 198 1128 357 1194; x_wconf 75' lang='lat' dir='ltr'><strong>Christum</strong></span> <span class='ocrx_word' id='word_1_60' title='bbox 390 1128 482 1193; x_wconf 89' lang='lat' dir='ltr'><strong>deum</strong></span> <span class='ocrx_word' id='word_1_61' title='bbox 514 1150 611 1214; x_wconf 84' lang='lat' dir='ltr'><strong>genus</strong></span> <span class='ocrx_word' id='word_1_62' title='bbox 644 1130 794 1194; x_wconf 78' lang='lat' dir='ltr'><strong>deducere</strong></span> <span class='ocrx_word' id='word_1_63' title='bbox 822 1129 918 1194; x_wconf 89' lang='lat' dir='ltr'><strong>aiunt.</strong></span> <span class='ocrx_word' id='word_1_64' title='bbox 952 1126 1085 1207; x_wconf 85' lang='lat' dir='ltr'><strong>Quidam</strong></span> <span class='ocrx_word' id='word_1_65' title='bbox 1118 1133 1222 1194; x_wconf 92' lang='lat' dir='ltr'><strong>autem</strong></span> 
     </span>
     <span class='ocr_line' id='line_1_9' title="bbox 102 1233 1221 1319; baseline 0 -21"><span class='ocrx_word' id='word_1_66' title='bbox 102 1255 136 1298; x_wconf 86' lang='lat' dir='ltr'><strong>er</strong></span> <span class='ocrx_word' id='word_1_67' title='bbox 168 1235 213 1299; x_wconf 89' lang='lat' dir='ltr'><strong>eis</strong></span> <span class='ocrx_word' id='word_1_68' title='bbox 245 1253 304 1298; x_wconf 93' lang='lat' dir='ltr'><strong>non</strong></span> <span class='ocrx_word' id='word_1_69' title='bbox 338 1236 441 1299; x_wconf 85' lang='lat' dir='ltr'><strong>sotum</strong></span> <span class='ocrx_word' id='word_1_70' title='bbox 473 1254 571 1319; x_wconf 84' lang='lat' dir='ltr'><strong>genus</strong></span> <span class='ocrx_word' id='word_1_71' title='bbox 600 1235 637 1300; x_wconf 95' lang='lat' dir='ltr'><strong>de</strong></span> <span class='ocrx_word' id='word_1_72' title='bbox 665 1254 700 1299; x_wconf 94' lang='lat' dir='ltr'><strong>eo</strong></span> <span class='ocrx_word' id='word_1_73' title='bbox 728 1234 890 1316; x_wconf 89' lang='lat' dir='ltr'><strong>deducere,</strong></span> <span class='ocrx_word' id='word_1_74' title='bbox 918 1233 974 1298; x_wconf 90' lang='lat' dir='ltr'><strong>sed</strong></span> <span class='ocrx_word' id='word_1_75' title='bbox 1001 1235 1094 1298; x_wconf 91' lang='lat' dir='ltr'><strong>etiam</strong></span> <span class='ocrx_word' id='word_1_76' title='bbox 1117 1235 1221 1319; x_wconf 89' lang='lat' dir='ltr'><strong>ipsum</strong></span> 
     </span>
     <span class='ocr_line' id='line_1_10' title="bbox 101 1340 834 1422; baseline 0 -17"><span class='ocrx_word' id='word_1_77' title='bbox 101 1340 260 1405; x_wconf 73' lang='lat' dir='ltr'><strong>Christum</strong></span> <span class='ocrx_word' id='word_1_78' title='bbox 285 1359 353 1406; x_wconf 91' lang='lat' dir='ltr'><strong>esse</strong></span> <span class='ocrx_word' id='word_1_79' title='bbox 377 1340 524 1405; x_wconf 83' lang='lat' dir='ltr'><strong>adserunt</strong></span> <span class='ocrx_word' id='word_1_80' title='bbox 546 1344 637 1422; x_wconf 89' lang='lat' dir='ltr'><strong>atque</strong></span> <span class='ocrx_word' id='word_1_81' title='bbox 662 1341 834 1422; x_wconf 89' lang='lat' dir='ltr'><strong>opinantur.</strong></span> 
     </span>
    </p>
   </div>
   <div class='ocr_carea' id='block_1_3' title="bbox 59 1529 1261 1950">
    <p class='ocr_par' dir='ltr' id='par_1_3' title="bbox 59 1529 1261 1950">
     <span class='ocr_line' id='line_1_11' title="bbox 59 1529 682 1608; baseline 0.003 -2"><span class='ocrx_word' id='word_1_82' title='bbox 59 1569 82 1608; x_wconf 86' lang='lat' dir='ltr'><strong>ro</strong></span> <span class='ocrx_word' id='word_1_83' title='bbox 636 1529 682 1584; x_wconf 63' lang='lat' dir='ltr'><strong>&#39;IV</strong></span> 
     </span>
     <span class='ocr_line' id='line_1_12' title="bbox 140 1656 1219 1739; baseline -0.001 -19"><span class='ocrx_word' id='word_1_84' title='bbox 140 1656 313 1720; x_wconf 88' lang='lat' dir='ltr'><strong>Dositheus</strong></span> <span class='ocrx_word' id='word_1_85' title='bbox 337 1656 462 1739; x_wconf 86' lang='lat' dir='ltr'><strong>qnidam</strong></span> <span class='ocrx_word' id='word_1_86' title='bbox 485 1659 603 1738; x_wconf 88' lang='lat' dir='ltr'><strong>postea,</strong></span> <span class='ocrx_word' id='word_1_87' title='bbox 626 1656 762 1720; x_wconf 87' lang='lat' dir='ltr'><strong>Iudaeus</strong></span> <span class='ocrx_word' id='word_1_88' title='bbox 785 1673 906 1739; x_wconf 82' lang='lat' dir='ltr'><strong>genere,</strong></span> <span class='ocrx_word' id='word_1_89' title='bbox 930 1673 1026 1719; x_wconf 86' lang='lat' dir='ltr'><strong>ausus</strong></span> <span class='ocrx_word' id='word_1_90' title='bbox 1049 1657 1098 1720; x_wconf 89' lang='lat' dir='ltr'><strong>est</strong></span> <span class='ocrx_word' id='word_1_91' title='bbox 1120 1656 1219 1720; x_wconf 89' lang='lat' dir='ltr'><strong>dicere</strong></span> 
     </span>
     <span class='ocr_line' id='line_1_13' title="bbox 97 1759 1220 1844; baseline -0.001 -17"><span class='ocrx_word' id='word_1_92' title='bbox 97 1762 271 1827; x_wconf 89' lang='lat' dir='ltr'><strong>secundum</strong></span> <span class='ocrx_word' id='word_1_93' title='bbox 303 1781 425 1826; x_wconf 90' lang='lat' dir='ltr'><strong>carnem</strong></span> <span class='ocrx_word' id='word_1_94' title='bbox 456 1761 558 1826; x_wconf 89' lang='lat' dir='ltr'><strong>solum</strong></span> <span class='ocrx_word' id='word_1_95' title='bbox 586 1781 654 1826; x_wconf 89' lang='lat' dir='ltr'><strong>esse</strong></span> <span class='ocrx_word' id='word_1_96' title='bbox 681 1761 862 1839; x_wconf 90' lang='lat' dir='ltr'><strong>uiuendum,</strong></span> <span class='ocrx_word' id='word_1_97' title='bbox 888 1759 920 1823; x_wconf 93' lang='lat' dir='ltr'><strong>in</strong></span> <span class='ocrx_word' id='word_1_98' title='bbox 947 1760 1017 1843; x_wconf 87' lang='lat' dir='ltr'><strong>lege</strong></span> <span class='ocrx_word' id='word_1_99' title='bbox 1044 1760 1094 1825; x_wconf 90' lang='lat' dir='ltr'><strong>dei</strong></span> <span class='ocrx_word' id='word_1_100' title='bbox 1122 1761 1220 1844; x_wconf 87' lang='lat' dir='ltr'><strong>deque</strong></span> 
     </span>
     <span class='ocr_line' id='line_1_14' title="bbox 96 1865 1261 1950; baseline 0.001 -18"><span class='ocrx_word' id='word_1_101' title='bbox 96 1887 144 1932; x_wconf 86' lang='lat' dir='ltr'><strong>aa</strong></span> <span class='ocrx_word' id='word_1_102' title='bbox 160 1867 417 1932; x_wconf 87' lang='lat' dir='ltr'><strong>resurrectionem</strong></span> <span class='ocrx_word' id='word_1_103' title='bbox 446 1886 506 1931; x_wconf 93' lang='lat' dir='ltr'><strong>non</strong></span> <span class='ocrx_word' id='word_1_104' title='bbox 535 1885 661 1950; x_wconf 88' lang='lat' dir='ltr'><strong>sperans</strong></span> <span class='ocrx_word' id='word_1_105' title='bbox 684 1866 820 1931; x_wconf 90' lang='lat' dir='ltr'><strong>futuram</strong></span> <span class='ocrx_word' id='word_1_106' title='bbox 843 1884 900 1931; x_wconf 90' lang='lat' dir='ltr'><strong>nec</strong></span> <span class='ocrx_word' id='word_1_107' title='bbox 924 1865 973 1930; x_wconf 96' lang='lat' dir='ltr'><strong>dei</strong></span> <span class='ocrx_word' id='word_1_108' title='bbox 996 1866 1140 1947; x_wconf 87' lang='lat' dir='ltr'><strong>spiritum</strong></span> <span class='ocrx_word' id='word_1_109' title='bbox 1162 1885 1219 1931; x_wconf 87' lang='lat' dir='ltr'><strong>nec</strong></span> <span class='ocrx_word' id='word_1_110' title='bbox 1243 1871 1261 1933; x_wconf 88' lang='grc'>2</span> 
     </span>
    </p>
   </div>
   <div class='ocr_carea' id='block_1_4' title="bbox 38 1964 1219 2161">
    <p class='ocr_par' dir='ltr' id='par_1_4' title="bbox 38 1964 1219 2161">
     <span class='ocr_line' id='line_1_15' title="bbox 96 1964 1219 2056; baseline -0.001 -20"><span class='ocrx_word' id='word_1_111' title='bbox 96 1974 244 2056; x_wconf 85' lang='lat' dir='ltr'><strong>angelum</strong></span> <span class='ocrx_word' id='word_1_112' title='bbox 272 1991 341 2044; x_wconf 85' lang='lat' dir='ltr'><strong>esse</strong></span> <span class='ocrx_word' id='word_1_113' title='bbox 368 1972 495 2037; x_wconf 88' lang='lat' dir='ltr'><strong>credens</strong></span> <span class='ocrx_word' id='word_1_114' title='bbox 522 1990 579 2037; x_wconf 91' lang='lat' dir='ltr'><strong>nec</strong></span> <span class='ocrx_word' id='word_1_115' title='bbox 605 1972 746 2046; x_wconf 82' lang='lat' dir='ltr'><strong>futurum</strong></span> <span class='ocrx_word' id='word_1_116' title='bbox 777 1971 929 2036; x_wconf 90' lang='lat' dir='ltr'><strong>iudicium</strong></span> <span class='ocrx_word' id='word_1_117' title='bbox 957 1971 994 2035; x_wconf 90' lang='lat' dir='ltr'><strong>de</strong></span> <span class='ocrx_word' id='word_1_118' title='bbox 1025 1971 1094 2056; x_wconf 85' lang='lat' dir='ltr'><strong>lege</strong></span> <span class='ocrx_word' id='word_1_119' title='bbox 1126 1964 1219 2055; x_wconf 88' lang='lat' dir='ltr'><strong>atque</strong></span> 
     </span>
     <span class='ocr_line' id='line_1_16' title="bbox 38 2079 455 2161; baseline 0.002 -18"><span class='ocrx_word' id='word_1_120' title='bbox 38 2093 69 2135; x_wconf 76' lang='lat'><strong>1⁶</strong></span> <span class='ocrx_word' id='word_1_121' title='bbox 94 2079 258 2161; x_wconf 90' lang='lat' dir='ltr'><strong>prophetis</strong></span> <span class='ocrx_word' id='word_1_122' title='bbox 282 2079 455 2160; x_wconf 83' lang='lat' dir='ltr'><strong>expectans.</strong></span> 
     </span>
    </p>
   </div>
   <div class='ocr_carea' id='block_1_5' title="bbox 649 2266 671 2319">
    <p class='ocr_par' dir='ltr' id='par_1_5' title="bbox 649 2266 671 2319">
     <span class='ocr_line' id='line_1_17' title="bbox 649 2266 671 2319; baseline 0 0"><span class='ocrx_word' id='word_1_123' title='bbox 649 2266 671 2319; x_wconf 88' lang='lat' dir='ltr'>V</span> 
     </span>
    </p>
   </div>
   <div class='ocr_carea' id='block_1_6' title="bbox 10 2391 1260 3110">
    <p class='ocr_par' dir='ltr' id='par_1_6' title="bbox 93 2391 1218 2689">
     <span class='ocr_line' id='line_1_18' title="bbox 142 2391 1218 2476; baseline -0.002 -19"><span class='ocrx_word' id='word_1_124' title='bbox 142 2391 295 2457; x_wconf 89' lang='lat' dir='ltr'><strong>Sadducei</strong></span> <span class='ocrx_word' id='word_1_125' title='bbox 317 2396 389 2475; x_wconf 91' lang='lat' dir='ltr'><strong>post</strong></span> <span class='ocrx_word' id='word_1_126' title='bbox 410 2393 524 2476; x_wconf 93' lang='lat' dir='ltr'><strong>ipsum,</strong></span> <span class='ocrx_word' id='word_1_127' title='bbox 549 2411 567 2456; x_wconf 90' lang='lat' dir='ltr'><strong>a</strong></span> <span class='ocrx_word' id='word_1_128' title='bbox 589 2391 709 2457; x_wconf 87' lang='lat' dir='ltr'><strong>Saddoc</strong></span> <span class='ocrx_word' id='word_1_129' title='bbox 728 2391 853 2456; x_wconf 89' lang='lat' dir='ltr'><strong>homine</strong></span> <span class='ocrx_word' id='word_1_130' title='bbox 870 2391 984 2457; x_wconf 86' lang='lat' dir='ltr'><strong>Iudaeo</strong></span> <span class='ocrx_word' id='word_1_131' title='bbox 1008 2391 1062 2474; x_wconf 88' lang='lat' dir='ltr'><strong>qui</strong></span> <span class='ocrx_word' id='word_1_132' title='bbox 1084 2391 1142 2456; x_wconf 89' lang='lat' dir='ltr'><strong>hoc</strong></span> <span class='ocrx_word' id='word_1_133' title='bbox 1165 2410 1218 2455; x_wconf 95' lang='lat' dir='ltr'><strong>no-</strong></span> 
     </span>
     <span class='ocr_line' id='line_1_19' title="bbox 93 2496 1217 2585; baseline -0.003 -23"><span class='ocrx_word' id='word_1_134' title='bbox 93 2497 181 2562; x_wconf 87' lang='lat' dir='ltr'><strong>mi&#39;ne</strong></span> <span class='ocrx_word' id='word_1_135' title='bbox 212 2498 385 2562; x_wconf 86' lang='lat' dir='ltr'><strong>uocabatur</strong></span> <span class='ocrx_word' id='word_1_136' title='bbox 405 2535 448 2544; x_wconf 94' lang='lat'>—</span> <span class='ocrx_word' id='word_1_137' title='bbox 472 2498 525 2585; x_wconf 93' lang='lat' dir='ltr'><strong>qui</strong></span> <span class='ocrx_word' id='word_1_138' title='bbox 557 2497 731 2580; x_wconf 87' lang='lat' dir='ltr'><strong>discipulus</strong></span> <span class='ocrx_word' id='word_1_139' title='bbox 756 2496 817 2562; x_wconf 90' lang='lat' dir='ltr'><strong>fuit</strong></span> <span class='ocrx_word' id='word_1_140' title='bbox 844 2497 943 2574; x_wconf 89' lang='lat' dir='ltr'><strong>illius,</strong></span> <span class='ocrx_word' id='word_1_141' title='bbox 971 2497 1024 2579; x_wconf 89' lang='lat' dir='ltr'><strong>qui</strong></span> <span class='ocrx_word' id='word_1_142' title='bbox 1053 2499 1085 2561; x_wconf 89' lang='lat' dir='ltr'><strong>et</strong></span> <span class='ocrx_word' id='word_1_143' title='bbox 1111 2496 1217 2561; x_wconf 88' lang='lat' dir='ltr'><strong>confir·</strong></span> 
     </span>
     <span class='ocr_line' id='line_1_20' title="bbox 94 2593 1218 2689; baseline -0.003 -21"><span class='ocrx_word' id='word_1_144' title='bbox 94 2603 197 2668; x_wconf 90' lang='lat' dir='ltr'><strong>manit</strong></span> <span class='ocrx_word' id='word_1_145' title='bbox 222 2603 299 2668; x_wconf 87' lang='lat' dir='ltr'><strong>hanc</strong></span> <span class='ocrx_word' id='word_1_146' title='bbox 322 2605 465 2683; x_wconf 89' lang='lat' dir='ltr'><strong>heresim,</strong></span> <span class='ocrx_word' id='word_1_147' title='bbox 481 2601 530 2689; x_wconf 69' lang='lat' dir='ltr'><strong>tut</strong></span> <span class='ocrx_word' id='word_1_148' title='bbox 553 2623 588 2667; x_wconf 84' lang='lat' dir='ltr'><strong>er</strong></span> <span class='ocrx_word' id='word_1_149' title='bbox 612 2622 647 2667; x_wconf 93' lang='lat' dir='ltr'><strong>eo</strong></span> <span class='ocrx_word' id='word_1_150' title='bbox 672 2601 826 2687; x_wconf 74' lang='lat' dir='ltr'><strong>sadducei</strong></span> <span class='ocrx_word' id='word_1_151' title='bbox 848 2593 1022 2667; x_wconf 79' lang='lat' dir='ltr'><strong>dicerentur</strong></span> <span class='ocrx_word' id='word_1_152' title='bbox 1043 2640 1086 2650; x_wconf 92' lang='lat'><em>-</em></span> <span class='ocrx_word' id='word_1_153' title='bbox 1109 2621 1218 2668; x_wconf 89' lang='lat' dir='ltr'><strong>secun-</strong></span> 
     </span>
    </p>

    <p class='ocr_par' dir='ltr' id='par_1_7' title="bbox 10 2708 1260 3110">
     <span class='ocr_line' id='line_1_21' title="bbox 10 2708 1217 2792; baseline 0 -20"><span class='ocrx_word' id='word_1_154' title='bbox 10 2712 53 2758; x_wconf 80' lang='lat' dir='ltr'><strong>ao</strong></span> <span class='ocrx_word' id='word_1_155' title='bbox 96 2708 172 2779; x_wconf 86' lang='lat' dir='ltr'><strong>dnm</strong></span> <span class='ocrx_word' id='word_1_156' title='bbox 199 2728 321 2773; x_wconf 86' lang='lat' dir='ltr'><strong>carnem</strong></span> <span class='ocrx_word' id='word_1_157' title='bbox 347 2728 444 2791; x_wconf 89' lang='lat' dir='ltr'><strong>aeque</strong></span> <span class='ocrx_word' id='word_1_158' title='bbox 471 2710 573 2774; x_wconf 88' lang='lat' dir='ltr'><strong>solum</strong></span> <span class='ocrx_word' id='word_1_159' title='bbox 596 2709 774 2792; x_wconf 81' lang='lat' dir='ltr'><strong>praedicant</strong></span> <span class='ocrx_word' id='word_1_160' title='bbox 794 2709 976 2788; x_wconf 88' lang='lat' dir='ltr'><strong>uiuendum,</strong></span> <span class='ocrx_word' id='word_1_161' title='bbox 999 2708 1217 2773; x_wconf 86' lang='lat' dir='ltr'><strong>circumciden-</strong></span> 
     </span>
     <span class='ocr_line' id='line_1_22' title="bbox 94 2813 1260 2900; baseline -0.001 -22"><span class='ocrx_word' id='word_1_162' title='bbox 94 2813 181 2896; x_wconf 89' lang='lat' dir='ltr'><strong>dum,</strong></span> <span class='ocrx_word' id='word_1_163' title='bbox 205 2833 378 2897; x_wconf 89' lang='lat' dir='ltr'><strong>corpusque</strong></span> <span class='ocrx_word' id='word_1_164' title='bbox 400 2814 630 2897; x_wconf 82' lang='lat' dir='ltr'><strong>baptizandum,</strong></span> <span class='ocrx_word' id='word_1_165' title='bbox 654 2814 692 2879; x_wconf 92' lang='lat' dir='ltr'><strong>de</strong></span> <span class='ocrx_word' id='word_1_166' title='bbox 714 2815 784 2900; x_wconf 83' lang='lat' dir='ltr'><strong>lege</strong></span> <span class='ocrx_word' id='word_1_167' title='bbox 807 2817 912 2879; x_wconf 87' lang='lat' dir='ltr'><strong>autem</strong></span> <span class='ocrx_word' id='word_1_168' title='bbox 931 2814 1037 2879; x_wconf 90' lang='lat' dir='ltr'><strong>diuina</strong></span> <span class='ocrx_word' id='word_1_169' title='bbox 1054 2833 1113 2879; x_wconf 94' lang='lat' dir='ltr'><strong>non</strong></span> <span class='ocrx_word' id='word_1_170' title='bbox 1133 2813 1218 2878; x_wconf 88' lang='lat' dir='ltr'><strong>aliud</strong></span> <span class='ocrx_word' id='word_1_171' title='bbox 1241 2816 1260 2877; x_wconf 85' lang='lat'>2</span> 
     </span>
     <span class='ocr_line' id='line_1_23' title="bbox 94 2917 1217 3002; baseline 0 -20"><span class='ocrx_word' id='word_1_172' title='bbox 94 2921 302 3002; x_wconf 77' lang='lat' dir='ltr'><strong>aspectantes,</strong></span> <span class='ocrx_word' id='word_1_173' title='bbox 321 2919 505 3001; x_wconf 79' lang='lat' dir='ltr'><strong>Epicuream</strong></span> <span class='ocrx_word' id='word_1_174' title='bbox 532 2918 718 2984; x_wconf 88' lang='lat' dir='ltr'><strong>dementiam</strong></span> <span class='ocrx_word' id='word_1_175' title='bbox 745 2919 853 3001; x_wconf 91' lang='lat' dir='ltr'><strong>potius</strong></span> <span class='ocrx_word' id='word_1_176' title='bbox 875 2917 969 3001; x_wconf 89' lang='lat' dir='ltr'><strong>quain</strong></span> <span class='ocrx_word' id='word_1_177' title='bbox 991 2918 1115 2983; x_wconf 90' lang='lat' dir='ltr'><strong>diuinae</strong></span> <span class='ocrx_word' id='word_1_178' title='bbox 1137 2919 1217 3002; x_wconf 86' lang='lat' dir='ltr'><strong>legis</strong></span> 
     </span>
     <span class='ocr_line' id='line_1_24' title="bbox 90 3023 1218 3110; baseline 0.001 -23"><span class='ocrx_word' id='word_1_179' title='bbox 90 3023 162 3090; x_wconf 90' lang='lat' dir='ltr'><strong>iura</strong></span> <span class='ocrx_word' id='word_1_180' title='bbox 201 3027 367 3090; x_wconf 86' lang='lat' dir='ltr'><strong>sectantes.</strong></span> <span class='ocrx_word' id='word_1_181' title='bbox 409 3025 455 3089; x_wconf 86' lang='lat' dir='ltr'><strong>De</strong></span> <span class='ocrx_word' id='word_1_182' title='bbox 496 3025 611 3108; x_wconf 91' lang='lat' dir='ltr'><strong>quihus</strong></span> <span class='ocrx_word' id='word_1_183' title='bbox 652 3027 683 3090; x_wconf 92' lang='lat' dir='ltr'><strong>et</strong></span> <span class='ocrx_word' id='word_1_184' title='bbox 717 3025 750 3089; x_wconf 94' lang='lat' dir='ltr'><strong>in</strong></span> <span class='ocrx_word' id='word_1_185' title='bbox 787 3024 947 3110; x_wconf 86' lang='lat' dir='ltr'><strong>euangelio</strong></span> <span class='ocrx_word' id='word_1_186' title='bbox 983 3025 1134 3108; x_wconf 86' lang='lat' dir='ltr'><strong>scriptum</strong></span> <span class='ocrx_word' id='word_1_187' title='bbox 1170 3026 1218 3088; x_wconf 89' lang='lat' dir='ltr'><strong>est</strong></span> 
     </span>
    </p>
   </div>
   <div class='ocr_carea' id='block_1_7' title="bbox 10 3129 1216 3302">
    <p class='ocr_par' dir='ltr' id='par_1_8' title="bbox 10 3129 1216 3302">
     <span class='ocr_line' id='line_1_25' title="bbox 96 3129 1216 3215; baseline -0.001 -20"><span class='ocrx_word' id='word_1_188' title='bbox 96 3129 224 3196; x_wconf 87' lang='lat' dir='ltr'><strong>docente</strong></span> <span class='ocrx_word' id='word_1_189' title='bbox 260 3130 383 3197; x_wconf 92' lang='lat' dir='ltr'><strong>domino</strong></span> <span class='ocrx_word' id='word_1_190' title='bbox 416 3132 582 3215; x_wconf 83' lang='lat' dir='ltr'><strong>contraque</strong></span> <span class='ocrx_word' id='word_1_191' title='bbox 613 3131 692 3196; x_wconf 90' lang='lat' dir='ltr'><strong>hanc</strong></span> <span class='ocrx_word' id='word_1_192' title='bbox 723 3131 858 3196; x_wconf 87' lang='lat' dir='ltr'><strong>heresim</strong></span> <span class='ocrx_word' id='word_1_193' title='bbox 888 3130 1068 3214; x_wconf 84' lang='lat' dir='ltr'><strong>pestiferam</strong></span> <span class='ocrx_word' id='word_1_194' title='bbox 1099 3130 1216 3214; x_wconf 89' lang='lat' dir='ltr'><strong>praedi-</strong></span> 
     </span>
     <span class='ocr_line' id='line_1_26' title="bbox 10 3233 194 3302; baseline 0.005 -3"><span class='ocrx_word' id='word_1_195' title='bbox 10 3233 53 3278; x_wconf 72' lang='lat'><strong>³⁵</strong></span> <span class='ocrx_word' id='word_1_196' title='bbox 97 3239 194 3302; x_wconf 89' lang='lat' dir='ltr'><strong>eante.</strong></span> 
     </span>
    </p>
   </div>
   <div class='ocr_carea' id='block_1_8' title="bbox 636 3426 674 3481">
    <p class='ocr_par' dir='ltr' id='par_1_9' title="bbox 636 3426 674 3481">
     <span class='ocr_line' id='line_1_27' title="bbox 636 3426 674 3481; baseline 0.053 -2"><span class='ocrx_word' id='word_1_197' title='bbox 636 3426 674 3481; x_wconf 90' lang='lat' dir='ltr'><strong>VI</strong></span> 
     </span>
    </p>
   </div>
   <div class='ocr_carea' id='block_1_9' title="bbox 93 3524 1257 3848">
    <p class='ocr_par' dir='ltr' id='par_1_10' title="bbox 93 3524 1257 3848">
     <span class='ocr_line' id='line_1_28' title="bbox 134 3524 1213 3635; baseline -0.002 -19"><span class='ocrx_word' id='word_1_198' title='bbox 134 3549 207 3616; x_wconf 84' lang='lat' dir='ltr'><strong>Alia</strong></span> <span class='ocrx_word' id='word_1_199' title='bbox 228 3524 333 3615; x_wconf 88' lang='lat' dir='ltr'><strong>antem</strong></span> <span class='ocrx_word' id='word_1_200' title='bbox 356 3554 404 3616; x_wconf 87' lang='lat' dir='ltr'><strong>est</strong></span> <span class='ocrx_word' id='word_1_201' title='bbox 423 3551 672 3628; x_wconf 81' lang='lat' dir='ltr'><strong>Pharisaeorum,</strong></span> <span class='ocrx_word' id='word_1_202' title='bbox 696 3571 775 3635; x_wconf 85' lang='lat' dir='ltr'><strong>quae</strong></span> <span class='ocrx_word' id='word_1_203' title='bbox 797 3551 1053 3617; x_wconf 83' lang='lat' dir='ltr'><strong>resurrectionem</strong></span> <span class='ocrx_word' id='word_1_204' title='bbox 1075 3550 1213 3616; x_wconf 80' lang='lat' dir='ltr'><strong>futuram</strong></span> 
     </span>
     <span class='ocr_line' id='line_1_29' title="bbox 94 3656 1216 3741; baseline 0.002 -23"><span class='ocrx_word' id='word_1_205' title='bbox 94 3656 267 3735; x_wconf 87' lang='lat' dir='ltr'><strong>confitetur,</strong></span> <span class='ocrx_word' id='word_1_206' title='bbox 290 3657 393 3740; x_wconf 86' lang='lat' dir='ltr'><strong>legem</strong></span> <span class='ocrx_word' id='word_1_207' title='bbox 416 3658 530 3741; x_wconf 87' lang='lat' dir='ltr'><strong>accipit</strong></span> <span class='ocrx_word' id='word_1_208' title='bbox 552 3661 584 3722; x_wconf 92' lang='lat' dir='ltr'><strong>et</strong></span> <span class='ocrx_word' id='word_1_209' title='bbox 605 3657 783 3740; x_wconf 89' lang='lat' dir='ltr'><strong>prophetas,</strong></span> <span class='ocrx_word' id='word_1_210' title='bbox 805 3657 962 3723; x_wconf 81' lang='lat' dir='ltr'><strong>Christum</strong></span> <span class='ocrx_word' id='word_1_211' title='bbox 986 3660 1091 3723; x_wconf 88' lang='lat' dir='ltr'><strong>autem</strong></span> <span class='ocrx_word' id='word_1_212' title='bbox 1110 3674 1216 3738; x_wconf 83' lang='lat' dir='ltr'><strong>expec-</strong></span> 
     </span>
     <span class='ocr_line' id='line_1_30' title="bbox 93 3761 1257 3848; baseline -0.002 -23"><span class='ocrx_word' id='word_1_213' title='bbox 93 3764 160 3827; x_wconf 85' lang='lat' dir='ltr'><strong>tant</strong></span> <span class='ocrx_word' id='word_1_214' title='bbox 182 3765 220 3826; x_wconf 90' lang='lat' dir='ltr'><strong>ut</strong></span> <span class='ocrx_word' id='word_1_215' title='bbox 240 3762 361 3840; x_wconf 85' lang='lat' dir='ltr'><strong>iustum</strong></span> <span class='ocrx_word' id='word_1_216' title='bbox 383 3762 550 3829; x_wconf 90' lang='lat' dir='ltr'><strong>hominem.</strong></span> <span class='ocrx_word' id='word_1_217' title='bbox 574 3764 617 3828; x_wconf 84' lang='lat' dir='ltr'><strong>Hi</strong></span> <span class='ocrx_word' id='word_1_218' title='bbox 638 3763 797 3828; x_wconf 86' lang='lat' dir='ltr'><strong>iudaiaant</strong></span> <span class='ocrx_word' id='word_1_219' title='bbox 819 3765 851 3837; x_wconf 89' lang='lat' dir='ltr'><strong>et</strong></span> <span class='ocrx_word' id='word_1_220' title='bbox 874 3763 1036 3848; x_wconf 83' lang='lat' dir='ltr'><strong>euangelia</strong></span> <span class='ocrx_word' id='word_1_221' title='bbox 1057 3782 1117 3827; x_wconf 93' lang='lat' dir='ltr'><strong>non</strong></span> <span class='ocrx_word' id='word_1_222' title='bbox 1136 3761 1215 3827; x_wconf 89' lang='lat' dir='ltr'><strong>acci·</strong></span> <span class='ocrx_word' id='word_1_223' title='bbox 1238 3761 1257 3823; x_wconf 87' lang='grc'>2</span> 
     </span>
    </p>
   </div>
   <div class='ocr_carea' id='block_1_10' title="bbox 178 3968 474 4027">
    <p class='ocr_par' dir='ltr' id='par_1_11' title="bbox 178 3968 474 4027">
     <span class='ocr_line' id='line_1_31' title="bbox 178 3968 474 4027; baseline 0.003 -2"><span class='ocrx_word' id='word_1_224' title='bbox 178 3971 214 4025; x_wconf 73' lang='grc'>23</span> <span class='ocrx_word' id='word_1_225' title='bbox 229 3968 327 4023; x_wconf 77' lang='lat' dir='ltr'><strong>Matth.</strong></span> <span class='ocrx_word' id='word_1_226' title='bbox 345 3969 422 4024; x_wconf 86' lang='lat' dir='ltr'>XXII</span> <span class='ocrx_word' id='word_1_227' title='bbox 440 3971 474 4027; x_wconf 78' lang='lat'><strong>23</strong></span> 
     </span>
    </p>
   </div>
   <div class='ocr_carea' id='block_1_11' title="bbox 91 4093 1213 4248">
    <p class='ocr_par' dir='ltr' id='par_1_12' title="bbox 91 4093 1213 4248">
     <span class='ocr_line' id='line_1_32' title="bbox 127 4093 1213 4171; baseline -0.001 -24"><span class='ocrx_word' id='word_1_228' title='bbox 127 4093 334 4161; x_wconf 70' lang='lat' dir='ltr'><strong>reexspectem</strong></span> <span class='ocrx_word' id='word_1_229' title='bbox 404 4093 438 4148; x_wconf 89' lang='grc'><strong>22</strong></span> <span class='ocrx_word' id='word_1_230' title='bbox 457 4094 640 4162; x_wconf 83' lang='lat' dir='ltr'><strong>exspectantes</strong></span> <span class='ocrx_word' id='word_1_231' title='bbox 710 4095 745 4149; x_wconf 80' lang='grc'>23</span> <span class='ocrx_word' id='word_1_232' title='bbox 763 4094 905 4168; x_wconf 79' lang='lat' dir='ltr'><strong>euangelia</strong></span> <span class='ocrx_word' id='word_1_233' title='bbox 923 4093 1053 4171; x_wconf 61' lang='lat' dir='ltr'><strong>scribtum&gt;</strong></span> <span class='ocrx_word' id='word_1_234' title='bbox 1117 4096 1152 4150; x_wconf 90' lang='grc'>28</span> <span class='ocrx_word' id='word_1_235' title='bbox 1170 4108 1213 4146; x_wconf 85' lang='lat' dir='ltr'><strong>ex·</strong></span> 
     </span>
     <span class='ocr_line' id='line_1_33' title="bbox 91 4179 358 4248; baseline 0 -16"><span class='ocrx_word' id='word_1_236' title='bbox 91 4182 215 4248; x_wconf 80' lang='lat' dir='ltr'><strong>spectant</strong></span> <span class='ocrx_word' id='word_1_237' title='bbox 266 4179 358 4234; x_wconf 78' lang='grc'><strong>291111</strong></span> 
     </span>
    </p>
   </div>
   <div class='ocr_carea' id='block_1_12' title="bbox 1146 4285 1175 4339">
    <p class='ocr_par' dir='ltr' id='par_1_13' title="bbox 1146 4285 1175 4339">
     <span class='ocr_line' id='line_1_34' title="bbox 1146 4285 1175 4339; baseline 0 -24"><span class='ocrx_word' id='word_1_238' title='bbox 1146 4285 1175 4339; x_wconf 72' lang='lat' dir='ltr'><strong>l*</strong></span> 
     </span>
    </p>
   </div>
   <div class='ocr_carea' id='block_1_13' title="bbox 0 0 1447 4620">
    <p class='ocr_par' dir='ltr' id='par_1_14' title="bbox 0 0 1447 4620">
     <span class='ocr_line' id='line_1_35' title="bbox 0 0 1447 4620; baseline 0 0"><span class='ocrx_word' id='word_1_239' title='bbox 0 0 1447 4620; x_wconf 95' lang='lat' dir='ltr'><strong> </strong></span> 
     </span>
    </p>
   </div>
  </div>
 </body>
</html>
