2866 4614
415 276 418 281 ’
532 326 534 332 ,
641 274 820 329 mix-nu.
1251 277 1291 341 27

172 471 393 554 scripturarum
416 486 494 550 quae
518 468 555 532 de
580 467 703 534 Christo
726 466 827 532 ueluti
848 466 887 530 de
910 466 1034 531 homine
1058 466 1195 545 edocent,
1215 486 1292 550 quae

171 581 274 642 antem
300 579 339 640 ut
365 575 402 639 de
431 574 486 638 deo
515 574 631 652 dicunt,
661 592 697 637 aa
723 582 885 651 uerotnon
909 571 1075 655 accipiunt,
1096 572 1237 657 legentes
1261 575 1293 637 et

171 683 254 747 nullo
281 681 374 746 modo
401 680 629 764 intellegentes,
657 678 889 761 impietatisque
915 697 1052 763 paganae
1079 681 1111 742 et
1133 678 1291 743 caecitatis

171 787 314 853 Iudaicae
342 789 500 852 consortes
528 804 561 850 se
588 785 693 869 potius
726 804 820 867 quam
843 783 1034 849 Christianae
1062 784 1173 848 salutis
1199 783 1292 866 parti-

147 895 253 977 sclpes
278 893 535 958 demonstrantes.

684 1067 789 1131 XXIII

212 1211 294 1277 Sunt
325 1209 378 1274 alii
410 1209 548 1274 dicentes
579 1208 818 1292 metangismon,
850 1206 883 1270 id
915 1209 964 1271 est
993 1205 1093 1270 filium
1119 1206 1232 1271 intrare
1258 1206 1290 1270 in
1307 1222 1344 1277 m

170 1321 288 1400 patrem
316 1318 348 1378 et
374 1317 411 1378 ut
437 1334 493 1380 uas
520 1315 551 1378 in
579 1313 793 1391 coccineam,
824 1313 1001 1396 ignorantes
1034 1311 1108 1392 quid
1139 1311 1291 1390 adserant,

172 1442 239 1487 corn
269 1421 408 1486 saluator
434 1439 494 1484 non
522 1420 598 1483 dixit
624 1419 725 1483 tilium
746 1418 778 1481 in
800 1422 918 1499 patrem
940 1418 1063 1495 intrare,
1088 1417 1291 1499 sed†aequa-

137 1527 267 1591 rolitatIs
292 1544 403 1590 causae
425 1526 457 1589 in
480 1524 644 1588 dininItate
668 1527 699 1588 et
716 1525 855 1606 potentia
877 1523 1025 1601 docuerit,
1049 1542 1108 1587 non
1130 1522 1292 1589 Introit'um

172 1636 224 1696 aut
246 1631 477 1709 continentiam,
500 1634 537 1696 ut
558 1630 606 1695 illi
627 1631 785 1695 insaniunt
806 1629 839 1693 id
861 1631 1039 1708 sentientes,
1063 1632 1095 1693 et
1116 1649 1175 1693 non
1201 1630 1291 1694 intel·
1314 1633 1333 1694 2

171 1737 320 1823 legentes,
345 1736 428 1818 quod
455 1737 555 1818 qualis
564 1733 739 1821 llinmensus
767 1740 816 1801 est
841 1739 938 1819 pater,
961 1735 1037 1800 talis
1065 1738 1113 1800 est
1139 1738 1170 1800 et
1196 1735 1290 1814 filius,

172 1844 242 1908 tofis
266 1845 315 1907 est
337 1846 370 1907 et
392 1842 522 1924 spiritus
550 1845 686 1920 sanctus,
715 1843 853 1924 aequalis
879 1842 911 1906 in
939 1841 1093 1919 omnibus,
1120 1841 1165 1905 lta
1191 1845 1228 1905 ut
1250 1842 1292 1905 sit
1314 1846 1333 1908 3

171 1947 341 2012 immobilis
368 1947 502 2022 trinitas,
529 1947 669 2012 inmensa
697 1951 728 2012 et
755 1948 949 2030 omnIpotens
981 1949 1073 2029 atque
1106 1947 1291 2028 sempiterna

136 2079 158 2120 rc
172 2054 286 2138 obtqua
315 2072 392 2135 quae
419 2053 509 2117 nobis
533 2053 735 2117 nuntiatura
759 2053 874 2118 sanctis
902 2053 1062 2135 scripturis
1086 2051 1289 2134 apertissime,

174 2163 208 2223 ut
235 2161 267 2224 et
294 2158 357 2223 sint
382 2160 445 2224 tres
472 2177 621 2240 personae
648 2158 792 2223 uiuentes
819 2159 851 2222 In
873 2161 1069 2242 perpetuum,
1093 2160 1125 2221 et
1146 2156 1290 2237 aequales

173 2264 203 2328 in
226 2263 310 2329 omni
332 2263 495 2328 maiestate
518 2267 550 2327 et
570 2264 719 2346 potentia,
742 2263 826 2327 filius
844 2265 948 2327 tamen
967 2267 998 2327 et
1016 2266 1142 2327 sanctus
1162 2261 1290 2344 spiritns

176 2370 210 2434 de
232 2373 320 2454 patre
342 2369 407 2434 sint
427 2369 560 2451 proprie.

679 2544 783 2608 XXIV

142 2711 163 2754 u
214 2686 293 2751 Post
318 2686 397 2754 istos
425 2686 478 2751 alii
504 2685 682 2751 recedentes
711 2685 748 2748 ab
776 2684 825 2749 his
853 2684 994 2748 dixerunt
1020 2683 1145 2763 similia,
1173 2683 1291 2748 addunt
1307 2697 1359 2752 LII

175 2791 266 2856 etiam
283 2790 517 2857 Melchisedech
536 2790 728 2856 sacerdotem
747 2789 885 2854 dicentes
903 2788 1053 2853 uirtutem
1076 2789 1123 2853 dei
1146 2804 1289 2874 magnam

258 3044 274 3097 7
293 3042 433 3110 eascngsit
450 3040 591 3111 Angustin.
611 3040 644 3094 de
661 3039 812 3094 haeresos
864 3043 882 3096 a
898 3039 955 3093 Ich.
969 3038 1031 3092 XIV
1045 3038 1078 3091 12
1091 3037 1154 3092 XVI
1167 3038 1201 3100 28
1213 3039 1290 3093 XVII

176 3130 207 3184 13
223 3130 265 3200 (It.
286 3128 317 3183 A.
333 3129 451 3199 Lipsius)

205 3269 344 3326 dsalntcs
359 3267 397 3321 A¹
449 3271 683 3337 imetangoemon
697 3267 724 3320 A
775 3266 952 3324 SasseratA
1002 3266 1131 3322 tlintrare
1144 3266 1289 3337 inpetrem

175 3373 232 3412 cam
248 3358 334 3428 signia
351 3357 573 3425 transpositionis
588 3356 616 3410 A
721 3355 892 3424 aequalitatis
910 3371 1016 3409 cansam
1033 3353 1196 3410 Statardaa:
1215 3354 1290 3409 borsa

175 3451 322 3514 corruptus,
341 3450 509 3513 expectamus
525 3443 718 3514 aequalitatem
736 3443 875 3512 qualitatis
892 3459 956 3497 snae
1009 3444 1040 3498 ll
1058 3442 1100 3496 illi
1112 3442 1139 3495 A
1153 3442 1195 3495 illi
1208 3443 1289 3496 aesti-

176 3538 247 3588 mant
263 3533 435 3603 impertitam.
459 3534 488 3585 et
504 3535 630 3602 separant
646 3547 675 3586 se
694 3548 710 3585 a
728 3530 860 3585 catholica
877 3530 989 3584 ecclesia
1005 3546 1053 3599 pro
1070 3530 1131 3583 illos
1149 3546 1211 3583 anos
1228 3546 1288 3599 pse-

176 3622 370 3692 udoprophetas
387 3619 416 3673 Β
432 3637 465 3675 aa
484 3623 530 3683 49,
550 3623 569 3674 3
585 3619 634 3673 ati
649 3620 681 3673 in
699 3619 841 3688 archetypo
859 3618 910 3673 cod
921 3618 949 3671 Β
965 3617 1091 3672 omissam
1107 3618 1200 3685 sacrat
1217 3623 1242 3671 et
1258 3618 1290 3672 ia

176 3726 249 3780 marg
267 3710 437 3772 adatototum,
453 3725 471 3762 a
485 3708 601 3762 librario
616 3713 712 3776 posteo
729 3707 770 3760 oie
782 3723 926 3775 perperam
943 3706 1115 3760 satisdatum
1183 3704 1212 3758 id
1228 3721 1288 3759 sen-

174 3797 269 3852 tientes
287 3797 316 3851 B
333 3796 514 3851 adsentientes
532 3797 559 3849 A
624 3796 821 3852 .121mmennna
839 3794 866 3846 Β
933 3795 967 3850 13
985 3796 1026 3846 est
1045 3795 1072 3847 et
1089 3793 1199 3862 spirltus
1215 3792 1243 3845 Β
1261 3797 1289 3848 et

177 3888 282 3955 spiritns
295 3886 323 3941 A
392 3886 429 3940 14
441 3886 601 3954 sempIterne
614 3883 652 3937 B¹
666 3884 827 3954 sempiterna
838 3882 878 3936 A¹
948 3884 981 3938 ld
994 3897 1062 3951 qnae
1075 3881 1152 3935 nobis
1165 3881 1192 3933 Β
1209 3881 1288 3936 nobis

176 3975 200 4028 A
269 3973 329 4028 eA
347 3973 431 4026 etB:
451 3974 521 4041 conf.
539 3972 724 4040 Epiphoram
747 3971 850 4026 4831)
867 3974 933 4025 extr.
991 3971 1024 4024 16
1042 3972 1073 4023 nt
1091 3972 1119 4023 et
1136 3970 1163 4022 A
1181 3971 1211 4022 nt
1227 3985 1287 4024 aa.

177 4064 202 4116 et
217 4064 244 4117 Β
314 4061 434 4131 aequalis
451 4062 478 4115 A
524 4063 563 4117 11
582 4060 691 4130 spiritns
709 4063 816 4114 sanctus
829 4059 892 4123 AB,
910 4058 957 4113 ted
972 4057 1004 4112 in
1020 4057 1049 4111 Β
1064 4059 1144 4128 mgna
1161 4062 1289 4126 transpo-

175 4149 279 4205 sitionis
296 4149 397 4204 addito
