2858 4620
559 291 807 348 nunu-mxu.
1195 297 1236 358 39

127 486 248 552 nientes
269 486 374 569 potius
398 488 429 550 et
456 486 650 562 bacchantes,
679 486 761 550 sicut
790 485 837 549 illi
860 485 972 570 pagani
993 485 1237 567 Liberipatriani‚

126 592 244 657 insanis
267 591 423 656 mentibus
442 612 525 657 more
544 592 706 676 gentilium
718 589 721 658 1
733 593 879 668 furentes,
899 596 930 656 et
948 612 1007 657 non
1025 593 1238 676 intellegentes

129 699 211 782 quod
239 699 282 763 ait
309 699 456 775 salrator,
484 700 593 762 utres
621 714 744 763 nouos
772 698 992 778 sumendos,
1025 698 1141 779 inque
1174 716 1238 762 eos

128 824 271 869 nouum
303 805 438 869 uinum
465 804 712 882 mittendum,
740 824 810 869 non
837 805 875 869 in
902 808 1071 868 ueteres.
1103 804 1143 866 llt
1169 801 1281 867 cum2

92 911 195 976 esuis
228 910 428 976 caecitatibus
460 913 623 993 properant
652 910 811 986 inseruire,
843 909 935 974 alioci
965 909 1065 973 modis
1097 909 1238 973 omnibus

129 1016 319 1082 Christianae
342 1016 451 1081 salutis
474 1016 698 1104 repperiuntur,
729 1035 800 1079 cum
827 1015 985 1097 apostolus
1014 1011 1239 1099 deiciatlliusti-

127 1120 301 1187 ficationem
340 1121 428 1186 illam
463 1121 621 1184 Iudaicam
661 1121 872 1202 casualemque
908 1121 1087 1202 uanitatem,
1125 1119 1239 1184 Christi

128 1230 233 1292 autem
251 1247 355 1291 ueram
375 1230 406 1291 et
423 1227 546 1308 plenam
570 1226 729 1290 coufirmat
751 1226 931 1290 seutentiam
955 1226 1073 1291 dicens:
1098 1222 1240 1290 Vetera

126 1335 390 1410 transierunt,
423 1351 513 1396 eece
543 1352 643 1397 noua
672 1332 799 1396 omnia
820 1351 887 1414 per
910 1331 1110 1396 Christum
1132 1332 1239 1395 facta

72 1439 229 1502 1osunt.
253 1438 299 1501 De
320 1437 389 1520 lege
413 1435 495 1500 euim
518 1439 549 1501 et
571 1437 679 1501 umbra
702 1435 824 1500 dicebat
847 1436 989 1500 dominus
1013 1440 1044 1500 et
1067 1456 1123 1501 sua
1141 1436 1240 1520 gratia
1261 1435 1281 1497 3
1317 1483 1320 1492 .

126 1542 339 1625 plenitudinis,
377 1543 568 1624 duorumque
603 1543 762 1607 hominum
794 1579 838 1610 *e*
870 1542 951 1623 quod
981 1542 1031 1605 'ait
1065 1543 1237 1624 apostolus:

126 1648 283 1713 Primus
313 1648 424 1712 homo
458 1649 501 1712 de
532 1651 639 1713 terra
671 1651 864 1725 terrenus,
897 1647 1095 1712 secundus
1127 1649 1236 1712 homo

128 1755 172 1819 de
196 1755 306 1819 caelo
330 1753 535 1820 caelestis.
560 1753 650 1834 Quod
673 1754 752 1818 enim
778 1757 843 1818 erat
864 1773 918 1836 per·
940 1754 1089 1835 umbram,
1108 1757 1138 1818 et
1156 1753 1238 1835 quod
1260 1751 1281 1814 4

127 1862 192 1924 erat
213 1860 355 1923 futurum
377 1861 408 1924 in
433 1859 548 1924 domini
570 1860 743 1941 praesentia
765 1860 865 1923 maius
890 1861 921 1922 et
942 1859 1064 1937 melius,
1087 1860 1146 1923 hoo
1163 1879 1238 1922 nuu-

76 1987 109 2027 1e
126 1964 227 2028 tiabat
249 1964 385 2029 docendo
410 1983 444 2028 ac
466 1965 558 2029 rebus
581 1965 768 2029 testantibus
793 1964 1008 2029 confirmando,

619 2226 749 2289 XLVIII

168 2384 233 2448 Alii
255 2385 330 2448 sunt
350 2384 640 2461 Passalorinohitae‚
664 2385 717 2466 qui
742 2384 874 2468 digitum
896 2384 1075 2465 inponentes
1098 2383 1128 2447 in
1146 2402 1233 2447 nares
1254 2389 1364 2446 LXXVI

127 2494 157 2555 et
180 2508 233 2555 ora
256 2509 312 2554 sna
335 2492 365 2553 et
387 2488 470 2554 labia
493 2490 581 2571 quasi
605 2489 765 2555 silentium
789 2508 910 2570 semper
932 2491 1081 2566 exercent,
1109 2507 1167 2552 non
1194 2487 1237 2552 rei

127 2595 203 2660 aliae
221 2595 282 2660 nisi
303 2595 509 2661 taciturnitati
527 2594 617 2678 quasi
634 2596 774 2660 studium
793 2595 1030 2660 commodantes.
1049 2595 1116 2659 Hoc
1135 2597 1238 2658 autem
1261 2597 1280 2658 2

84 2700 273 2788 aofacientes
306 2701 395 2783 quasi
427 2702 591 2784 prophetas
622 2701 731 2766 beatos
767 2699 896 2782 cupiunt
929 2699 1053 2776 imitari,
1089 2698 1161 2781 quia
1195 2698 1239 2762 ait

125 2806 228 2871 Dauid
254 2802 380 2871 beatus:
411 2807 524 2881 Pone,
553 2806 717 2886 domine,
746 2805 969 2870 custodiam
997 2804 1053 2870 ori
1079 2823 1171 2882 meo,
1200 2809 1237 2870 et

126 2911 273 2977 ostium
305 2911 788 2997 circumstantiaelabiis
820 2911 926 2975 meis.
959 2911 999 2974 Et
1020 2909 1091 2992 quia
1111 2909 1236 2974 ieiuniis
1259 2911 1279 2973 3

125 3018 207 3082 beati
250 3018 417 3100 prophetae
456 3021 601 3082 uocantes
615 3017 788 3084 lsilentium
827 3016 950 3099 saepius
991 3015 1237 3093 commodabant,

210 3285 400 3342 cunevet
452 3283 685 3340 illicervll
740 3283 879 3342 talcar.
897 3283 945 3337 XV
962 3285 995 3338 47
1052 3286 1083 3341 17
1101 3285 1239 3354 exscripsit

125 3373 264 3444 Augustis.
283 3372 316 3428 de
333 3373 435 3427 haeres.
453 3373 487 3427 63
539 3375 575 3430 20
592 3373 690 3427 Psalm.
702 3371 776 3426 CXL
796 3372 812 3425 3

158 3551 173 3606 1
196 3547 304 3618 potibus
329 3546 479 3602 saetarum
564 3547 711 3602 bachantes
733 3543 760 3600 A
833 3548 850 3602 2
873 3546 999 3600 furientes
1021 3549 1048 3601 B
1075 3546 1099 3616 (r
1124 3547 1155 3600 ic
1179 3552 1237 3613 ras)

124 3637 140 3691 5
157 3651 238 3706 prope
253 3638 340 3690 emant
355 3635 469 3689 insanire
482 3635 509 3689 A
579 3635 660 3689 alieni
673 3634 834 3703 sichardus]
851 3635 896 3693 alii
910 3635 979 3688 enim
1032 3638 1050 3690 8
1066 3635 1236 3703 sententiam]

124 3724 274 3781 scientiam:
294 3724 364 3793 conf.
383 3727 474 3789 1141
525 3727 589 3780 bet
607 3724 710 3778 eeceB
762 3725 798 3780 10
815 3725 846 3776 ut
863 3721 956 3776 umbre
976 3721 1104 3777 Oetlerue'
1172 3727 1199 3775 et
1212 3722 1239 3776 A

125 3816 152 3867 et
169 3811 201 3866 de
214 3813 242 3866 Β
295 3814 325 3868 11
346 3812 460 3866 omnium
474 3811 511 3865 A¹
583 3837 626 3863 aee
644 3811 743 3866 eccidit
758 3812 846 3865 ueluti
863 3810 969 3864 diuersa
985 3811 1082 3864 natura
1099 3808 1236 3864 dissonan-

123 3902 190 3955 tium
243 3902 275 3957 13
292 3899 357 3971 quid
376 3903 432 3955 eret
448 3902 476 3953 A
529 3905 565 3957 14
583 3901 743 3971 presentiam
760 3899 787 3953 A
840 3903 873 3956 15
891 3915 920 3952 ac
938 3898 966 3951 Β
981 3897 1033 3952 hac
1049 3900 1077 3951 A
1138 3900 1171 3956 17
1188 3899 1238 3953 im-

122 3991 250 4059 ponentes
267 3989 295 4042 B
364 3989 400 4044 18
418 3988 490 4042 etin
508 3980 624 4042 labiaB
703 4003 823 4042 exercens
841 3986 868 4040 A
940 3988 971 4043 19
988 3985 1132 4056 quastudiu
1150 3998 1238 4042 comc-

122 4077 211 4129 rantes
228 4074 255 4130 A
314 4076 351 4130 20
369 4074 472 4129 emitari
490 4075 516 4128 B
576 4077 608 4132 21
627 4074 722 4130 beatus
740 4075 766 4130 A
784 4073 916 4144 propheta
932 4075 959 4127 Β
1011 4075 1238 4143 apponentium

128 4163 273 4218 Vlitteroc
290 4179 351 4217 οναε
367 4164 398 4216 ic
415 4163 442 4215 Β
493 4164 527 4218 23
545 4165 656 4217 natante
675 4164 701 4216 A
772 4160 991 4216 commendabant
1009 4161 1076 4215 editt
