2858 4620
553 284 718 341 CXXXVIII.
1133 286 1195 351 109

64 481 198 566 temque
229 481 337 548 induto
367 500 427 546 non
457 481 520 546 iam
551 480 596 546 it'a
628 482 795 565 apparebat
825 480 909 546 sieut
939 484 972 546 ot
1001 469 1102 557 antea,
1140 477 1197 544 sed

62 585 260 671 loquabatur
289 589 328 654 do
359 590 445 655 eaelo
477 607 555 654 uoce
585 587 687 672 ipsius
715 587 822 653 audita
847 589 940 670 atque
968 605 1004 652 ea
1026 583 1195 672 custodita3

61 712 223 777 processu
249 697 355 762 autem
382 693 532 778 temporis
560 696 593 759 et
613 712 759 778 apparere
781 693 982 780 dignabatur,
997 696 1035 758 ut
1056 691 1197 757 Abrahae

61 799 257 866 beatissimo
280 801 471 884 patriarchae
495 803 527 865 et
549 799 619 866 aliis
641 819 697 884 per
718 800 866 871 ordinem.
900 797 964 867 Sub
986 798 1069 864 Mosi
1092 800 1196 863 autem

17 928 33 967 a
64 906 208 972 diuersis
229 907 324 972 rebus
348 925 498 990 apparens
521 908 553 972 et
575 905 659 990 quod
682 908 748 972 erat
768 905 890 972 timoris
914 908 1011 988 atque
1030 903 1139 971 erroris
1165 903 1196 968 in

63 1015 180 1079 monte
212 1012 286 1079 Sina
317 1012 557 1090 demonstrabat,
588 1016 759 1096 posteaque
790 1012 821 1076 in
853 1011 952 1097 figura
960 1009 970 1098 V
979 1009 1082 1096 angeli
1109 1013 1141 1075 et
1166 1009 1196 1075 in
1221 1010 1241 1075 3

29 1134 32 1138 ’
63 1119 173 1184 forma
203 1119 348 1195 bominis,
361 1118 629 1203 iincorporationis
656 1137 732 1185 suae
759 1118 882 1184 futurae
909 1117 1031 1183 indiciis
1058 1134 1198 1201 praecur-

64 1211 225 1299 rentibus,
248 1225 422 1310 generalem
446 1225 641 1290 clementiam
663 1224 827 1292 nuntiabat
848 1223 1028 1305 uisioneque
1055 1223 1118 1287 iam
1144 1241 1199 1304 per

67 1332 196 1397 somnia
218 1331 312 1397 iustis
336 1351 370 1397 se
393 1331 537 1397 dominus
561 1330 753 1409 ostendebat,
776 1334 813 1396 ut
835 1331 984 1414 scriptum
1004 1331 1063 1394 est.
1085 1329 1202 1394 Postea

9 1459 43 1516 ιο
69 1455 149 1503 uero
167 1437 199 1502 in
217 1430 493 1521 incorporationem
512 1456 662 1521 apparens
680 1437 855 1503 testabatur
872 1435 996 1502 iudaeis
1015 1434 1198 1501 adnuntians

72 1562 155 1628 quae
178 1546 249 1609 ante
271 1543 390 1610 dixerat
411 1563 465 1627 per
486 1544 662 1628 propbetas.
686 1540 765 1622 Quia
787 1561 859 1627 ergo
883 1542 1007 1608 diuersa
1028 1544 1094 1608 erat
1111 1559 1198 1623 capa·
1221 1540 1241 1602 4

74 1649 155 1715 citas
187 1648 310 1714 uisendi
343 1649 511 1729 dominnm,
540 1653 581 1714 'ut
611 1649 712 1714 bonus
727 1728 729 1733 Ι
743 1649 894 1728 medicus,
926 1648 1010 1715 siout
1034 1646 1199 1713 infirmitas

75 1742 230 1839 exigebat,
254 1759 286 1821 et
308 1755 432 1821 diuersa
456 1756 594 1827 remedia
619 1756 781 1821 bominum
806 1754 1039 1820 infirmitatibus
1065 1752 1200 1819 coniere-

74 1860 140 1938 bat,
163 1860 295 1944 ideoque
317 1861 479 1946 languenti
502 1860 625 1928 saeculo
648 1862 680 1926 in
697 1861 759 1927 fine
776 1862 847 1946 plus
867 1861 1000 1928 contulit
1016 1859 1198 1938 medicinae,

16 1983 53 2026 rs
79 1968 115 2032 ut
147 1970 179 2032 et
208 1967 335 2034 illorum
366 1969 535 2052 primorum
565 1968 668 2043 uirtus
698 1973 882 2052 praepotens
909 1970 1141 2045 monstraretur,
1168 1970 1201 2032 ot

79 2073 177 2139 nostri
199 2074 321 2157 generis
339 2074 512 2159 periculosa
530 2074 694 2140 infirmitas
712 2077 902 2155 nosceretur,
921 2073 1042 2139 dicente
1060 2072 1195 2138 domino:

79 2175 161 2242 Non
180 2181 298 2262 egent
315 2180 400 2245 sani
418 2180 580 2259 medico,
596 2181 664 2246 sed
682 2167 752 2263 qui
767 2179 921 2245 infirmi
941 2182 1044 2245 sunt.
1063 2179 1198 2245 Maiores
1222 2170 1241 2234 5

80 2285 153 2348 sunt
170 2283 276 2368 itaque
294 2285 411 2368 priores
424 2285 483 2364 illi,
499 2286 553 2367 qui
566 2286 727 2351 audientes
741 2286 915 2362 eredebant,
931 2289 969 2351 ut
981 2284 1069 2363 Seth,
1082 2286 1198 2363 Enoch,

79 2386 144 2465 Noe
159 2393 191 2455 et
205 2392 310 2468 ceteri,
326 2411 418 2474 quam
433 2410 501 2469 nos,
516 2392 569 2476 qui
587 2395 619 2456 et
637 2391 799 2458 audientes
813 2394 906 2475 atque
922 2392 1063 2477 legentes
1080 2391 1200 2457 miseri-

10 2503 49 2550 ὀ
80 2495 215 2560 cordiam
238 2496 356 2563 Christi
378 2497 495 2563 domini
517 2501 552 2563 et
569 2498 742 2564 bonitatem
765 2500 832 2564 eius
851 2499 1079 2564 contemnimus
1097 2498 1200 2580 eopio-

78 2619 153 2666 sam.
184 2601 266 2666 Nam
297 2605 330 2667 et
355 2602 540 2668 iudaeorum
571 2621 664 2669 eausa
691 2607 724 2668 et
750 2603 820 2668 aliis
846 2604 973 2669 locutus
1002 2607 1051 2669 est
1071 2603 1198 2687 linguis,
1222 2599 1241 2662 6

78 2709 114 2770 ut
135 2707 328 2791 compleatur
350 2707 447 2789 quod:
474 2708 515 2772 ln
542 2708 697 2792 linguis
716 2708 821 2788 valiis
850 2714 888 2774 et
909 2709 1033 2775 labiis
1055 2710 1200 2792 loquar

78 2811 169 2879 huic
191 2812 349 2895 populo,
373 2816 411 2877 et
433 2832 502 2879 nee
525 2813 582 2879 ita
600 2818 716 2880 erunt
734 2815 944 2895 credituri,
963 2809 1065 2880 dicit
1083 2814 1200 2880 domi·

78 2935 159 2984 nus.
181 2917 262 2983 Nam
284 2937 340 3001 per
361 2917 486 2983 Esaiam
509 2919 599 2985 dicit:
623 2921 790 2994 Verbum
819 2940 943 2986 meum
974 2921 1128 2988 mittam
1160 2920 1200 2985 in

11 3034 44 3075 ⁵
78 3022 269 3090 Achaiam.

163 3248 311 3307 suumn.
329 3248 416 3304 xue
486 3250 523 3307 ro
545 3249 627 3304 seer.
645 3250 692 3305 11
760 3253 799 3309 rr
815 3214 918 3307 'naeu
937 3251 976 3306 rx
996 3252 1028 3306 12
1092 3254 1128 3310 aa
1151 3245 1196 3305 ns.

78 3335 192 3391 XXVIII
213 3336 245 3390 ll
269 3337 283 3391 I
306 3335 365 3392 Cor.
383 3336 447 3391 XIV
464 3338 497 3392 21
522 3337 630 3408 Origen.
645 3338 764 3408 Hexapl.
787 3356 855 3410 quae
877 3356 978 3411 supera.
1002 3339 1043 3394 ed.
1068 3339 1199 3397 munla

80 3420 160 3484 Oxum
181 3425 249 3481 1875
267 3425 295 3480 11
312 3443 338 3496 p.
356 3427 417 3492 479,
438 3427 468 3482 ll
522 3429 561 3484 24
577 3427 622 3482 lta.
640 3427 725 3482 LXVI
745 3429 777 3483 19
795 3430 828 3495 (Ι.
847 3428 968 3499 Grippel)

111 3599 221 3655 Amase
247 3599 370 3669 Amoysi
388 3599 415 3653 Β
480 3603 627 3659 ucenae
645 3602 713 3658 editt
781 3607 881 3673 beyna
897 3601 926 3660 Β
991 3602 1154 3660 'laffuturae
1174 3603 1201 3656 B

79 3686 269 3758 tuitionemq3
291 3690 319 3744 A
336 3684 493 3760 uisionemq:
513 3690 542 3744 B
628 3692 663 3746 10
685 3690 845 3746 annuntians
862 3677 912 3744 13'
987 3690 1023 3749 12
1044 3688 1153 3744 uidendi
1175 3692 1201 3743 A

82 3777 114 3832 lt
129 3774 247 3846 priorum
270 3775 402 3832 Usenerca
438 3777 470 3834 17
488 3777 602 3833 Maiores
621 3781 684 3833 sunt
701 3778 782 3833 omA
818 3779 853 3836 1⁸
864 3783 930 3848 posi
946 3777 988 3832 iili
1006 3792 1118 3848 omaso
1131 3775 1201 3831 iaA

113 3880 179 3920 enoc
197 3864 226 3918 B
273 3865 310 3920 20
327 3865 510 3920 contemnibus
527 3866 555 3920 A
612 3867 647 3924 22
664 3866 829 3936 at-liugnis
846 3881 889 3921 om
906 3865 934 3919 A
989 3866 1025 3922 23
1042 3864 1159 3920 creditur
1174 3866 1201 3919 A
