2858 4620
612 491 652 545 IX

112 621 225 687 ldsseni
247 620 427 686 sutemnlii
446 624 529 695 sunt,
549 619 602 702 qui
623 620 683 697 hoo
704 619 826 685 nominc
845 621 1049 704 appellantur.
1067 620 1109 684 Hi
1128 640 1192 686 mo·

44 733 47 737 ’
71 726 237 792 nachorum
264 728 362 791 uitam
391 728 540 804 exercent,
568 745 655 791 esces
675 726 848 806 deliciosas
871 746 931 792 non
954 729 1113 793 sumentes
1135 745 1192 791 neo

71 834 208 898 studium
237 832 268 896 in
290 831 489 897 uestimentis
513 834 655 915 gerentes
678 851 733 896 uec
757 831 954 916 possidentes
977 831 1190 916 aliquidlleo-
1235 829 1257 892 2

42 938 146 1009 ntioui
178 941 283 1002 sutem
315 940 348 1002 et
377 937 467 1002 bouis
504 937 650 1021 operibus
686 934 880 1016 insistentes,
915 938 947 1002 in
980 938 1060 1003 locis
1096 938 1189 1002 eblum

68 1045 219 1127 separatis
250 1044 436 1123 habitantes,
466 1044 624 1109 Christum
657 1049 761 1109 eutem
794 1044 886 1109 deum
917 1044 967 1110 dei
998 1044 1097 1110 fillum
1129 1064 1187 1110 non

67 1154 274 1232 expectentes,
298 1169 354 1215 uec
376 1150 408 1214 in
430 1150 500 1234 lege
523 1152 616 1232 utque
638 1150 798 1234 prophetis
822 1169 893 1216 eum
917 1149 1076 1214 dominum
1096 1169 1189 1234 ugno-

66 1258 188 1329 scentes
217 1256 445 1335 adnuntiatum,
473 1255 529 1321 sed
550 1258 588 1320 ut
608 1258 789 1339 prophetam
812 1258 867 1320 eut
888 1255 1008 1321 iustum
1032 1255 1187 1322 hominem

65 1363 168 1427 solum
191 1363 351 1427 credentes
375 1364 546 1444 expectant.

15 1579 49 1619 ιο
465 1561 468 1568 “
613 1549 637 1603 X

106 1677 169 1743 Alii
197 1679 302 1741 autem
330 1677 404 1741 sunt
425 1676 634 1761 Helioguosti,
659 1676 713 1759 qui
741 1680 773 1742 et
796 1676 1006 1742 Doicuictiaci
1030 1649 1184 1759 dicuntur,

62 1785 161 1848 solem
188 1783 363 1860 odorantes,
390 1785 483 1865 atque
510 1782 648 1848 dicentes
676 1785 774 1848 solem
802 1784 880 1849 scire
908 1785 1012 1849 omnio
1033 1802 1112 1867 quae
1134 1784 1184 1875 dei

63 1892 145 1969 sunt,
169 1889 311 1954 hominos
334 1889 428 1953 etiam
451 1907 510 1963 nou
534 1889 639 1957 aliurn,
653 1889 714 1953 nisi
738 1889 836 1954 solem
858 1889 1052 1967 inluminare,
1071 1892 1183 1956 solem-

63 2014 122 2077 que
154 1995 200 2059 eis
231 1995 376 2077 praebere
407 1995 512 2061 omnis
538 1995 736 2075 nutrimenta,
764 2015 824 2061 non
851 1999 1073 2080 cognoscentes
1101 1997 1183 2079 quod

12 2124 44 2166 ιε
60 2099 91 2164 in
119 2101 271 2165 seruitute
298 2100 420 2182 positus
449 2119 574 2165 cursum
601 2119 692 2164 suum
719 2098 864 2185 peragrat
891 2120 908 2165 s
935 2102 992 2168 deo
1019 2104 1106 2184 patre
1127 2122 1183 2185 per

62 2205 220 2271 Christum
252 2206 410 2276 dominum
443 2207 474 2270 in
507 2210 614 2271 sancto
648 2206 761 2290 spiritu
793 2209 946 2272 statutum
979 2207 1115 2283 cottidie,
1143 2207 1180 2273 de

61 2331 120 2394 quo
152 2311 305 2393 scriptum
336 2315 398 2377 est:
433 2309 507 2390 Qui
539 2311 642 2376 dicit
674 2312 752 2378 soli
780 2313 887 2391 oriri,
917 2317 955 2378 et
981 2313 1120 2391 oritur,
1144 2316 1182 2378 et

60 2436 131 2482 non
160 2417 268 2495 oriri,
293 2420 331 2482 et
353 2437 425 2482 nou
450 2417 589 2483 oritur.
611 2415 714 2496 ¹Quem
736 2416 867 2483 Hermes
890 2419 944 2483 ille
967 2437 1066 2483 uenus
1088 2437 1180 2503 paga·
1203 2428 1223 2490 2

59 2522 362 2609 nusTrismegistus
389 2523 496 2588 docuit
521 2527 595 2604 post
622 2523 714 2613 deum
737 2523 981 2606 omnipotentem
1003 2545 1062 2590 non
1085 2525 1180 2590 alium

13 2650 45 2689 no
60 2628 119 2693 nisi
151 2629 248 2694 solem
281 2629 391 2694 debere
421 2630 526 2712 ipsum
558 2631 590 2694 et
620 2629 761 2695 homines
789 2630 928 2706 adorsum
962 2631 1015 2713 qui
1042 2650 1113 2695 cum
1140 2632 1178 2696 ad

60 2731 216 2798 Celtarum
238 2735 429 2816 prouinciam
452 2735 648 2817 perrexisset,
671 2735 738 2819 ipse
761 2753 814 2799 eos
833 2734 1006 2807 dinoscitur
1023 2733 1177 2814 docuisse,

60 2844 150 2923 utque
185 2840 258 2905 huic
295 2841 389 2905 errori
424 2843 461 2905 ut
492 2842 731 2907 succumberent
760 2840 861 2905 isdem
893 2842 1040 2906 suasisse.
1077 2841 1176 2922 Quem

59 2948 154 3011 solem
189 2946 298 3011 Iudaei
333 2948 483 3030 captiuati
519 2948 697 3025 adorabant,
737 2951 775 3012 ut
809 2947 988 3013 Hiezechiel
1027 2949 1177 3031 prophete

59 3053 181 3118 eosdem
203 3051 532 3138 Iudaeoslincussndo
556 3055 749 3136 condemnat,
773 3073 809 3119 ec
830 3073 899 3119 reos
923 3054 1060 3119 criminis
1083 3054 1175 3119 maie-

16 3160 147 3224 testatis
171 3159 306 3224 declarat
329 3163 360 3224 et
383 3159 488 3244 arguit
510 3160 722 3238 contestando,
746 3160 829 3225 sicut
852 3160 1002 3243 scriptum
1031 3162 1088 3224 est.

594 3349 632 3403 XI

96 3473 159 3537 Alii
187 3452 261 3537 sunt
287 3473 342 3555 qui
368 3492 458 3537 ranas
486 3473 593 3538 colunt
619 3492 696 3555 quas
719 3474 777 3538 sub
800 3472 936 3539 Faraone
958 3474 1004 3539 irc
1027 3474 1076 3539 dei
1097 3481 1172 3541 tunc

56 3579 201 3663 temporis
228 3577 452 3662 Aegyptiorum
484 3577 583 3643 terrae
613 3580 762 3656 manauit,
793 3582 831 3644 ut
860 3586 968 3665 putore
999 3580 1171 3664 Aegyptios
1232 3593 1233 3599 ’

139 3790 171 3844 11
189 3785 237 3840 Iob
255 3785 327 3840 1117
379 3789 414 3843 23
431 3786 526 3840 Enoch.
545 3785 610 3840 VIIl
630 3786 664 3841 16
716 3789 750 3843 27
768 3785 851 3840 Exod.
872 3787 972 3842 Vlll3

84 3930 303 3997 lexspectantcs
371 3925 592 3983 Sunnuntictum
661 3928 851 3996 Conspectsnt
926 3930 955 3984 ll
975 3927 1166 3999 Deinuictioci]

53 4014 192 4069 senenses
209 4013 250 4068 n:
267 4015 338 4082 cone
355 4013 524 4067 Pnscllian.
538 4030 568 4082 p.
589 4014 636 4077 eo,
653 4016 690 4067 10
708 3999 820 4082 seispso
837 4019 862 4069 ec
876 4031 904 4083 p.
923 4019 980 4069 177
997 4031 1019 4069 s.
1037 4032 1064 4069 c.
1082 4017 1166 4071 inuis-

52 4103 135 4157 tiaous
215 4103 247 4157 16
265 4101 363 4157 cotidie
451 4100 627 4157 rescriptum
707 4103 744 4156 20
760 4102 847 4172 ipsum
862 4103 923 4157 &13
940 4103 1084 4172 ipsummet
1101 4104 1167 4159 editt

49 4184 198 4246 fflhisdem
250 4189 468 4246 23hielllzechiel
515 4189 689 4245 essenorum
736 4193 878 4261 28putore
893 4191 1051 4262 Sicbcrdus]
1066 4193 1189 4263 pudore-
