2858 4620
197 307 258 370 132
377 305 558 361 FILASTRII
575 305 808 362 DIVERSARVM
826 298 1016 366 HERESEON
1034 311 1141 368 LIBER

194 501 301 566 uidere
333 502 364 565 in
398 504 530 580 excelso,
563 502 1062 591 profundo,1atoatquelongo
1090 527 1150 574 non
1174 513 1327 593 poterant,

195 600 288 672 eorde
316 607 487 685 eredentes,
515 609 610 690 atque
638 627 690 673 ore
717 608 911 689 confitentes,
939 610 1128 678 indesinenti
1155 632 1235 679 uooe
1259 634 1328 680 ean-

151 708 295 779 Stantes
328 713 412 777 omui
443 715 583 796 tempore
614 713 813 778 laetarentur.
851 714 931 780 Nam
969 717 1052 799 quod
1088 718 1260 786 inuisibilis
1297 724 1329 788 et

193 819 378 902 ineapabiiis
407 820 449 883 sit
477 819 582 883 diuina
610 820 771 902 qualitatis
795 824 923 886 naturae
947 823 1125 890 substantia
1146 825 1177 889 in
1200 826 1272 912 lege
1296 831 1328 893 et

193 927 355 1010 prophetis
378 926 564 1004 ostenditur,
588 925 725 990 Iohanne
753 926 891 994 dicento:
923 928 1044 995 Deum
1076 950 1186 998 neme
1219 932 1328 998 uidit

194 1052 384 1115 umquam.
416 1031 487 1096 Non
514 1031 605 1096 dixit:
637 1033 709 1097 ‘non
736 1033 886 1109 eredidit,
911 1035 983 1106 sed;
1014 1037 1084 1102 ‘uon
1108 1036 1210 1103 uidit’.
1244 1039 1327 1126 Idrgo

194 1140 338 1205 dominus
376 1139 519 1205 credendi
555 1139 725 1222 potentiam
764 1141 796 1204 et
832 1140 1000 1206 confitendi
1036 1143 1141 1208 solum
1176 1143 1325 1211 fiduciam

192 1246 312 1325 tribuit,
336 1255 373 1311 ut
394 1244 497 1311 uirtus
522 1245 589 1310 eius
612 1244 815 1310 inenarranda
836 1245 867 1309 in
891 1247 1009 1312 carnali
1030 1247 1202 1332 fragilitate
1230 1251 1327 1316 mani-

193 1354 306 1419 festata
329 1355 522 1418 nosceretur:
547 1352 631 1434 quod
653 1354 686 1416 et
707 1350 852 1417 domiuus
875 1352 992 1434 ubique
1014 1351 1106 1418 fidem
1131 1374 1220 1421 suam
1239 1377 1325 1440 prae·

193 1461 295 1526 tendit
323 1458 514 1537 hominibus,
548 1477 640 1541 quam
672 1461 704 1524 et
730 1458 798 1541 ipse
827 1462 898 1524 ante
926 1459 1063 1541 dederat,
1090 1465 1266 1546 posteaque
1294 1464 1324 1529 iu
1340 1493 1362 1533 ro

150 1558 251 1632 9sua
280 1565 457 1650 praeseutia
493 1564 738 1630 confirmauerat.
777 1564 932 1632 Cherubin
969 1569 1074 1632 autem
1110 1571 1142 1634 et
1173 1567 1325 1652 Seraphin
1353 1654 1355 1657 Ι

193 1672 423 1757 quadriformia,
445 1671 477 1736 id
502 1673 550 1737 est
571 1672 681 1750 leonis,
704 1673 809 1751 uituli,
832 1672 1029 1748 hominisiet
1047 1674 1179 1757 aquilae,
1199 1675 1326 1741 diuersa

192 1782 267 1845 sunt
297 1781 476 1843 sanctorum
508 1777 624 1860 pariter
650 1777 867 1861 uirtutumque
896 1780 1064 1844 certamina
1085 1779 1215 1846 fortiora
1237 1800 1324 1865 prue-

192 1885 349 1951 aelleudae
373 1903 478 1948 eorum
502 1884 668 1967 uariaeque
691 1884 864 1969 dignitatis,
888 1886 1133 1968 patriarcharum
1158 1888 1275 1971 quippe
1294 1893 1325 1954 et

192 1992 422 2076 prophetarum,
446 1991 644 2057 sacerdotum
667 1993 761 2074 atque
783 1994 995 2075 apostolorum
1019 1993 1130 2058 itidem
1153 2013 1225 2059 eum
1244 2014 1323 2060 mar·
1341 2025 1363 2066 n

192 2100 314 2182 tyribus
353 2097 481 2175 sociata,
514 2099 560 2175 ut,
592 2097 623 2161 in
659 2097 773 2179 quibua
805 2100 875 2162 ante
907 2101 994 2163 tanta
1025 2098 1102 2163 fides
1135 2103 1167 2165 et
1194 2100 1323 2167 dileetio

194 2205 311 2271 Christi
335 2205 504 2269 exuberans
526 2204 723 2282 noscebatur,
746 2203 834 2288 inpar
857 2207 961 2270 autem
985 2204 1125 2270 doctrina
1141 2205 1173 2270 in
1193 2206 1323 2290 quibus-

194 2311 264 2376 dam
295 2314 405 2394 postea
436 2312 566 2394 cogente
601 2329 695 2375 eausa
726 2310 876 2393 temporis
908 2310 1104 2390 cernebatur,⁸
1136 2330 1196 2377 non
1231 2312 1324 2396 inpar

193 2421 297 2489 tamen
333 2417 405 2482 fidei
440 2436 476 2481 ae
513 2415 689 2480 certaminis
726 2416 824 2500 gloria
859 2417 890 2480 in
928 2416 1145 2484 eoniunetione
1178 2417 1323 2485 diuersae

192 2524 320 2590 uirtutis
355 2524 580 2588 monstraretur
615 2540 633 2585 a
670 2522 794 2595 Christo
831 2539 977 2589 eoueessa
1012 2527 1106 2606 atque
1147 2524 1323 2600 condonata
1340 2557 1363 2600 ,a

99 2609 105 2631 ’
130 2623 170 2688 10
192 2630 288 2713 inque
312 2629 396 2694 omui
420 2628 666 2695 Christianorum
689 2628 804 2711 populo
828 2630 1022 2704 noseeretur;
1046 2635 1092 2708 ut,
1111 2629 1195 2711 quod
1212 2631 1321 2697 uidere

194 2754 253 2801 non
276 2755 446 2819 possumus
469 2754 524 2799 nee
547 2733 691 2798 humanis
716 2734 868 2819 condigne
890 2735 1034 2800 sensibus
1049 2734 1199 2814 definire,
1227 2738 1322 2803 eorde

194 2841 354 2907 eredentes
378 2843 471 2923 atque
495 2859 546 2904 ore
569 2838 748 2905 eonfitentes
772 2839 821 2904 bis
846 2840 976 2906 duarum
1002 2859 1169 2923 pennarum
1192 2842 1321 2909 uirtuti·

193 2949 252 3013 bus
275 2966 335 3013 non
359 2946 537 3011 desinamus
560 2945 684 3010 Iudaeis
709 2948 741 3011 et
763 2947 909 3030 gentibus
930 2947 990 3012 hoe
1013 2947 1120 3032 gaudii
1141 2948 1322 3030 praedieare

194 3059 288 3137 atque
309 3053 360 3118 his
375 3052 517 3117 sublime
540 3051 711 3116 uirtutibus
734 3054 869 3132 edolare,
892 3057 1049 3136 sperantes
1073 3053 1230 3133 caelestia,
1255 3056 1320 3120 ubi
1337 3089 1363 3132 ,ᾖ

194 3159 369 3227 Christus
393 3161 450 3224 est
473 3158 653 3237 dominus,
672 3161 709 3222 ut
727 3159 772 3222 ait
789 3160 960 3241 apostolus,
979 3160 1072 3243 inque
1088 3161 1146 3226 bae
1162 3160 1322 3227 sententia

194 3267 328 3347 salutem
358 3267 538 3349 perpetuam
571 3283 665 3347 posse
696 3264 844 3346 consequi
876 3284 934 3330 uon
966 3265 1154 3345 dubitantes,
1187 3266 1320 3355 doeente

195 3373 317 3440 eodem:
351 3370 460 3451 Quod
489 3370 522 3436 si
549 3369 772 3435 eredideris
799 3371 837 3436 iu
865 3372 1075 3438 cordetuo
1103 3374 1320 3441 eteonfes-

280 3561 372 3619 tlon.
390 3561 404 3615 I
424 3561 457 3615 18
511 3563 546 3617 12
561 3560 796 3631 Ezeeblbaeqq.
815 3561 925 3633 Apoeal.
939 3562 977 3616 IV
991 3564 1089 3630 dseqq.
1159 3566 1195 3620 26
1213 3561 1318 3620 coloss.

193 3651 267 3705 1111
322 3650 358 3706 28
374 3650 448 3703 Rom.
467 3649 491 3702 X
509 3650 534 3704 9.
555 3649 587 3703 10

229 3758 249 3813 4
267 3755 374 3810 diuinae
393 3755 531 3824 qualitatis
548 3757 644 3809 natura
663 3757 690 3808 et
707 3754 858 3809 substantia
875 3753 1027 3809 sueardus
1100 3755 1164 3811 Sin
1180 3755 1219 3809 in!
1228 3758 1315 3811 tenar-

194 3845 279 3901 randa
296 3844 438 3898 inemuulis
456 3843 483 3896 B
501 3844 529 3914 (n
547 3843 639 3914 wasa)
656 3842 833 3898 inenarranda
850 3843 949 3898 carnali
967 3832 1118 3898 Siebardua
1139 3842 1140 3847 '
1177 3845 1211 3902 12
1228 3845 1316 3900 leonis

194 3932 357 4002 Sietardaes]
374 3932 466 3986 leones
520 3933 558 3989 14
576 3932 717 4001 dignitatis
735 3931 896 4002 Siebardas]
916 3931 1063 4002 dignitates
1117 3934 1152 3988 18
1169 3933 1313 3988 canebatur

193 4027 228 4082 23
246 4020 404 4077 confitentes
421 4020 584 4090 Siobardas]
605 4019 766 4074 confidentes
831 4037 977 4090 pennarum
991 4020 1153 4091 Siotardus]
1172 4023 1312 4092 pinnarum

193 4112 231 4170 24
252 4109 405 4164 desinamus
423 4107 584 4178 sichardus]
604 4107 717 4162 desinib:
786 4111 821 4164 25
843 4107 967 4163 sublimas
985 4108 1137 4164 sueardus
1206 4113 1242 4168 26
1261 4111 1312 4166 hao

194 4197 354 4268 bichardus]
373 4196 443 4252 hane
