2858 4620
16 742 80 783 m

120 294 209 360 XXX
538 291 822 361 Prolegomcna.

121 484 260 578 Filastrii
286 486 364 550 libro
393 485 581 551 emendando
609 489 641 551 et
667 486 839 551 adnotando
867 485 1024 568 praestitit
1046 507 1138 569 quam
1161 487 1240 568 peri·

121 590 265 655 tissimus
292 592 346 654 ille
372 591 547 655 litterarum
575 595 607 654 et
633 609 789 655 sacrarum
814 593 846 654 et
868 591 1073 655 saecularium
1096 591 1188 656 iudex
1211 593 1242 654 et

1 688 343 779 ‘rrlrrlr'persoruratoa
365 696 456 761 Pauli
480 696 623 761 Galeardi
644 697 699 760 illa
721 695 815 762 editio
837 716 930 779 quam
949 717 1072 761 summa
1089 697 1242 761 modestia

122 807 343 867 commemorat
374 803 535 867 Fabricius
568 803 689 866 duobus
721 803 808 867 annis
840 807 913 885 post
942 806 1075 867 mortem
1107 802 1242 867 Fabricii

122 907 237 972 emissa
255 911 303 972 est
320 908 379 973 hoc
399 927 469 972 cum
488 909 595 973 titulo:
620 906 759 971 Collectio
777 911 912 970 acreum
923 911 1053 988 potrum
1066 907 1242 972 Brieieuaa

121 1013 267 1077 ccclesiae.
293 1011 432 1077 Veterum
449 1012 583 1078 Brisiae
600 1014 807 1094 cpiscoporum
825 1010 857 1078 S.
876 1012 1042 1077 Philostrir'
1060 1018 1088 1078 cl
1106 1012 1137 1077 S.
1155 1013 1240 1077 Gou-

121 1118 216 1182 deratii
238 1139 330 1200 opera
351 1140 406 1183 racc
423 1140 484 1182 raca
500 1117 543 1186 B.
563 1120 726 1200 Rampcrti
744 1122 772 1181 et
795 1116 866 1182 Vere.
884 1118 1074 1183 Adelmarerri
1095 1120 1240 1201 opuscula

124 1273 154 1290 ..
171 1276 178 1291 .
186 1226 341 1306 prodeunt
363 1225 451 1288 iussu
468 1274 475 1289 .
491 1275 498 1290 .
514 1275 521 1288 .
536 1224 649 1307 Armet
671 1223 798 1287 Mariae
820 1218 1001 1288 Cardir'aalis
1022 1223 1147 1303 Quirini
1164 1224 1239 1288 Bri-

120 1330 191 1394 rriuc
212 1330 361 1412 Episcopi
383 1336 411 1395 et
433 1329 626 1411 Apostolicoe
649 1327 738 1394 Sedis
760 1329 978 1394 bibliothecarii
993 1328 1127 1395 Bricioe
1144 1335 1239 1394 1738.

123 1434 293 1502 Galeardus
326 1456 397 1501 cum
422 1436 563 1501 Filastrii
590 1434 757 1500 editionem
784 1435 846 1500 iam
877 1436 1064 1502 confecisset
1084 1436 1240 1518 prioribus

122 1541 309 1607 editionibus
332 1561 390 1606 non
403 1542 574 1607 meliorem
596 1542 639 1624 (p.
661 1541 813 1622 1-146),
833 1541 1026 1608 Corbeiensis
1046 1542 1163 1607 codicis
1187 1563 1239 1607 ua-

120 1648 182 1713 rias
204 1649 353 1714 lectiones
377 1651 485 1713 nactus
505 1651 554 1713 est
570 1648 689 1731 primus
707 1648 796 1732 (conf
811 1666 905 1730 supra
922 1667 953 1732 p.
967 1646 1085 1734 xxm:
1103 1648 1135 1711 in
1155 1649 1239 1713 calce

58 1784 60 1786 v
122 1753 266 1820 editionis
289 1774 363 1819 suae
387 1753 506 1819 addidit
527 1753 661 1819 Fabricii
684 1757 773 1819 notas
796 1756 958 1836 postumae
980 1753 1012 1818 in
1034 1754 1240 1819 Philastrium

121 1859 165 1944 (p.
192 1860 385 1944 147-151),
408 1864 476 1925 tum
500 1859 616 1924 codicis
641 1859 835 1924 corbeiensis
860 1859 1031 1942 scripturae
1055 1860 1240 1926 uarietatem

122 1970 153 2030 et
174 1966 313 2031 Filastrii
335 1966 437 2050 capita
457 1966 514 2030 illa
536 1985 617 2031 noua
640 1985 692 2030 sex
710 1965 755 2050 (p.
776 1963 1126 2050 152-170)‚qu0rum
1149 1986 1239 2050 argu-

120 2076 224 2137 menta
246 2074 401 2138 enarrauit
418 2092 448 2154 p.
467 2072 571 2137 XXIX
589 2092 682 2154 seqq,
702 2072 833 2155 denique
857 2071 1062 2156 specilogium
1085 2073 1124 2135 ad
1147 2073 1240 2138 adno-

120 2179 255 2243 tationes
279 2179 423 2244 editionis
445 2178 581 2243 Fabricii
602 2177 647 2264 (p.
673 2180 867 2259 171-183).
900 2180 935 2243 In
959 2178 1095 2243 ordinem
1117 2179 1239 2243 iustum

120 2279 245 2350 redacta
268 2288 341 2350 sunt
363 2285 466 2367 capita
487 2285 542 2349 illa
563 2284 594 2348 in
617 2285 764 2348 Andreae
790 2283 952 2348 Galloodii
975 2283 1162 2350 Bibirbtbecc
1188 2307 1239 2350 uc·

121 2395 219 2454 terum
247 2389 381 2454 Petrum
410 2395 481 2460 tom.
514 2389 584 2454 VII
611 2389 714 2454 Veraci.
737 2394 823 2454 1770
848 2411 877 2474 p.
901 2391 964 2455 480
993 2410 1079 2473 seqq.
1105 2394 1174 2456 tum
1206 2392 1237 2455 in

119 2496 239 2580 Mrpaii
261 2496 410 2561 Patribus
431 2495 557 2560 Latinis
579 2501 649 2562 torre.
670 2494 749 2559 XII
768 2495 871 2561 Puris.
890 2498 974 2560 1845
995 2517 1025 2579 p.
1047 2499 1131 2562 1050
1151 2516 1237 2579 seqq.

119 2603 175 2668 ubi
204 2622 310 2669 omnes
339 2606 370 2666 et
395 2602 529 2667 Fabricii
555 2605 587 2666 et
615 2601 760 2667 Galeardi
786 2602 992 2684 praefationes
1024 2602 1237 2668 adnotationes

119 2707 299 2774 testimonia
321 2710 395 2772 sunt
415 2708 536 2782 iterata,
561 2707 692 2789 denique
712 2707 745 2770 in
767 2705 930 2770 Francisci
952 2705 1071 2770 Oeblcri
1092 2706 1239 2787 Corporis

119 2813 344 2896 bouemolopioi
365 2818 433 2879 lora.
456 2812 481 2876 I
496 2811 600 2877 Berol.
624 2815 708 2876 1856
728 2834 759 2896 p.
780 2815 799 2876 3
819 2832 903 2894 seqq.
928 2811 990 2891 Qui
1012 2814 1112 2879 multa
1135 2833 1237 2878 emen-

120 2921 190 2985 dare
214 2920 344 2984 aduersa
361 2918 454 2983 Musa
472 2923 602 2984 conatus
621 2922 678 2993 est,
697 2919 847 2983 nonnulla
864 2923 967 2984 tamen
985 2920 1118 2984 feliciter
1136 2939 1237 2986 emen-

120 3025 220 3090 dauit:
252 3024 330 3088 nibil
356 3043 430 3089 uero
457 3024 558 3108 magis
584 3025 759 3089 mirandum
787 3027 836 3088 est
862 3045 954 3107 quam
982 3026 1064 3107 quod
1086 3026 1140 3089 ille
1165 3026 1236 3091 Cor·

118 3131 253 3196 baiensis
277 3129 387 3213 optimi
408 3129 558 3195 lectiones
582 3129 770 3196 aGaleardo
794 3130 1008 3213 suppeditatas
1032 3132 1152 3214 spreuit
1173 3132 1237 3196 lere

119 3256 225 3302 omnes
251 3257 324 3321 prae
351 3235 615 3319 ineptissimarum
644 3235 787 3300 editionis
814 3236 962 3318 principie
984 3236 1154 3302 lectionum
1177 3238 1236 3301 far·-

118 3344 239 3427 ragine:
263 3342 393 3424 denique
416 3342 447 3405 in
469 3341 549 3405 libro
573 3341 690 3405 edendo
714 3360 773 3405 non
797 3360 834 3405 ea
856 3360 917 3424 qua
934 3361 989 3423 par
1007 3344 1073 3405 erat
1090 3361 1167 3406 usus
1187 3347 1237 3407 est

120 3449 290 3533 diligentia.

1 3566 110 3658 ‚wg-
162 3556 207 3619 De
234 3555 328 3618 buius
355 3552 499 3618 editionis
527 3552 677 3617 subsidiis
705 3572 777 3617 cum·
797 3552 861 3617 iam
882 3552 1057 3617 rettulerim
1080 3554 1234 3632 omnibns,

0 3681 31 3763 0⁰
89 3661 270 3744 -reliquum
301 3663 349 3725 est
379 3663 416 3724 ut
447 3659 484 3724 de
516 3661 581 3723 arte
613 3658 719 3723 critica
745 3657 776 3722 in
804 3659 863 3724 hoc
889 3657 1039 3740 scriptore
1068 3661 1236 3724 exercenda

117 3768 254 3832 breuiter
288 3766 447 3830 disseram.
487 3765 698 3848 Archetypum
737 3764 847 3829 multis
882 3764 1002 3829 lacunis
1038 3765 1236 3849 neglegentia

116 3873 234 3937 librarii
264 3872 377 3937 coortis
409 3871 513 3936 hiasse
544 3871 636 3935 facila
666 3871 830 3955 intelleget
856 3871 910 3952 qni
937 3870 1061 3955 singula
1090 3871 1233 3953 deinceps

118 3979 220 4060 capita
242 3982 384 4043 accurate
405 3977 625 4060 interpretatus
648 3978 714 4043 erit
744 3978 806 4040 Fas
827 3978 954 4042 lacunas
984 3977 1166 4045 stellulism
1189 3979 1233 4042 in*

49 4163 51 4168 ,
117 4084 212 4149 dicari
235 4084 323 4149 uolui
344 4085 466 4149 lectori:
491 4100 567 4166 quas
591 4103 627 4148 ea
648 4083 861 4148 munificentia
881 4103 1009 4149 necesse
1033 4087 1099 4149 erat
1115 4085 1234 4166 passim

116 4191 271 4268 distribui,
304 4201 371 4273 qua·
394 4189 548 4273 principes
579 4191 628 4255 uti
659 4191 770 4268 solent,
802 4194 838 4254 ut
868 4191 968 4255 facete
998 4191 1078 4256 illud
1114 4192 1233 4257 dictum
