2858 4620
617 263 708 323 CLVI
1168 269 1228 335 137

98 460 136 524 et
154 457 398 543 propinquitatis
421 477 457 524 ac
481 458 657 530 dilectionis
681 461 747 525 eret
765 462 797 524 et
814 457 1026 537 fraternitatis,
1047 458 1102 524 sed
1119 459 1230 526 timen-

97 564 159 636 dae
190 564 368 630 seueritatis
399 564 554 631 indicium
586 560 782 642 decernebat,
814 564 845 629 in
878 563 1112 630 contemnendis
1147 565 1228 651 legis

98 669 266 736 sententiis
289 669 421 747 scilicet,
444 672 483 735 ut
504 670 599 736 etiam
623 669 667 736 ait
689 670 809 736 Moses:
832 664 1078 735 Maledictus
1102 671 1228 737 omnis
1339 713 1342 717 -

87 774 229 859 'quiin
251 774 457 861 legitimis
480 794 553 842 non
575 774 848 860 permanserit
868 773 967 840 libri
990 774 1122 842 huius.
1155 775 1230 843 Idea
1255 764 1295 842 ld

64 885 136 956 set
165 881 304 948 eductor
335 899 414 964 qnae
446 882 477 947 in
508 883 578 968 lege
607 881 692 948 dieta
716 882 841 947 tuerent
870 880 1064 960 admonebat,
1093 883 1126 946 et
1152 900 1230 965 quac

98 991 173 1055 ante
194 989 297 1074 legem
320 987 394 1054 data
415 988 539 1055 fuerent
562 988 619 1054 snb
642 988 709 1054 illis
731 986 924 1060 beatissimis
947 986 1167 1069 conprobabat,
1195 991 1231 1054 nt

99 1113 192 1160 suam
224 1093 397 1160 doctrinam
428 1093 555 1159 illorum
586 1093 727 1178 priorum
759 1093 970 1177 coniungeret,
996 1093 1231 1176 multommqne

96 1199 146 1265 ita
173 1199 367 1265 credentium
394 1203 427 1264 et
453 1199 711 1266 circumcisorum
734 1199 851 1284 pariter
873 1199 1033 1281 copularet
1056 1201 1088 1263 et
1109 1201 1231 1264 naturu-

96 1304 181 1371 lium
202 1304 323 1384 itidem,
345 1304 379 1369 id
401 1306 452 1372 est
468 1305 611 1391 gentium
629 1304 822 1371 credentium
841 1303 984 1385 sociaret,
1003 1321 1038 1370 ac
1057 1303 1230 1370 nolentium

52 1449 79 1489 ,ο
96 1410 287 1478 Indaeorum
324 1411 519 1494 aliorumque
558 1409 820 1490 incredulitatem,
861 1413 894 1476 ct
931 1409 1120 1494 imperitiam
1162 1428 1231 1477 con-

97 1517 240 1584 iunctam
262 1520 478 1599 utrorumque,
501 1517 730 1585 condemnaret.

188 1711 206 1765 3
224 1706 304 1762 Dent.
322 1706 424 1762 XXVII
442 1707 477 1764 26

135 1833 151 1888 1
170 1829 325 1903 maternitas
342 1829 371 1885 A
422 1834 561 1901 ttmoyses
580 1829 607 1883 Β
629 1898 631 1902 ⁴
659 1835 677 1888 ὅ
695 1828 865 1884 ammonebat
882 1830 909 1883 B
961 1831 979 1886 6
997 1827 1188 1899 comprobabat
1201 1827 1230 1882 B

99 1921 133 1976 ll
152 1917 184 1972 a'rs
198 1918 226 1972 A
243 1917 311 1974 dccc
327 1923 366 1974 eet
382 1917 563 1988 redemptio:
579 1916 747 1973 uxumoru
764 1915 998 1972 omousianis
1014 1904 1229 1972 fluensno'leu

99 1993 167 2061 uui
179 2005 206 2061 n
225 2005 264 2060 n:
289 1992 406 2061 amin
424 2005 595 2063 rmrsnsr.
614 1992 856 2062 nesunrxmru
872 2004 921 2059 on
939 2001 1102 2062 currens
1118 2003 1228 2060 uues-

100 2093 202 2150 smus
226 2081 349 2150 INCIP'T
374 2092 484 2149 num
507 2093 680 2150 AMBROSII
703 2082 772 2150 ΕΡῙ
786 2091 1080 2149 unnlonfflunsls
1104 2093 1153 2148 DE
1176 2090 1228 2148 10-

100 2181 194 2240 SEPH
209 2183 242 2237 e'c
259 2181 377 2239 editione
390 2182 539 2251 Sietardr'n
549 2181 753 2238 PHILASTRII
769 2181 904 2253 EPIscopi
916 2180 1061 2236 Brixiensis
1079 2180 1229 2237 haereseon

99 2269 221 2342 catalogi
237 2269 299 2325 finis
