2858 4620
549 308 832 377 Prolegomena.
1177 311 1254 375 XIII

132 506 308 585 sequentes.
347 501 475 567 Scilicet
501 502 665 586 scripsisse
692 501 816 567 uidetur
837 502 1003 568 1111555555
1033 503 1151 585 primus
1172 503 1254 567 inter

131 608 259 673 Latinos
281 608 396 674 librum
420 626 511 672 suum
536 610 642 672 contra
663 608 836 673 haereticos
860 627 896 673 eo
919 611 1057 691 tempore
1076 617 1137 692 quo
1156 609 1252 673 Theo·

133 714 240 779 dosius
263 713 432 796 imperator
455 712 731 780 constitutionibus
755 713 822 781 suis
844 715 1072 780 haereticorum
1097 717 1254 779 contuma-

133 820 262 885 ciame
245 822 278 884 et
307 819 415 884 turbas
446 818 575 903 refregit
605 818 677 883 inde
709 820 747 883 ab
778 837 856 884 anno
876 821 945 884 381
981 818 1070 906 (Ood.
1100 820 1251 886 'theodos

133 926 208 992 XVI
226 928 256 1003 5
275 927 295 990 6
315 922 470 1010 seqq)
439 925 606 1008 equod
597 928 731 1008 imperat
732 944 766 989 or
787 926 922 1010 legibus,
944 925 1026 990 idem
1050 925 1172 991 efficere
1194 926 1253 1009 pri·

132 1051 203 1097 mus
228 1031 366 1097 omnium
390 1034 520 1096 conatus
544 1034 593 1096 est
613 1031 728 1096 litteris
750 1031 870 1097 Latinis
894 1031 1069 1114 episcopus.
1099 1029 1160 1110 Qui
1183 1050 1254 1097 cum

134 1136 320 1220 opusculum
339 1156 431 1202 suurn
449 1137 579 1221 incipiat
596 1137 700 1202 uerbis
718 1135 770 1202 De
786 1136 926 1202 hereseon
943 1136 1067 1202 diuersa
1078 1135 1255 1218 pestitmtio

133 1243 292 1324 morisque
314 1243 469 1308 erroribus
490 1243 582 1309 modo
605 1243 721 1328 legisse
743 1243 868 1308 uidetur
889 1237 1035 1309 nimirum
1059 1243 1254 1327 imperatoris

135 1350 272 1414 edictum
300 1349 408 1414 datum
430 1350 507 1418 VIlI
533 1350 605 1415 Kal.
632 1351 712 1434 Aug.
740 1349 803 1415 383
831 1348 919 1434 (uod.
947 1349 1100 1414 Theodos.
1127 1349 1201 1414 XVI
1223 1351 1254 1428 5,
1304 1373 1307 1379 ·

136 1455 190 1537 11)
215 1454 297 1538 quod
319 1455 430 1539 incipit
451 1456 570 1520 uerbis:
611 1454 721 1520 Omnes
747 1457 869 1520 omnimo
894 1475 1093 1539 quoscumque
1115 1454 1254 1519 diuerso·

133 1580 205 1622 rum
225 1559 385 1622 haeresum
407 1580 495 1626 error
516 1561 652 1643 trepitat
674 1581 701 1626 e.
725 1582 754 1645 q.
778 1581 802 1630 s.
828 1559 928 1640 Quare
950 1580 1007 1626 nos
1031 1580 1109 1626 anno
1132 1581 1162 1644 p.
1182 1560 1253 1626 Chr.

136 1666 198 1730 383
230 1665 283 1729 uel
315 1664 378 1729 384
413 1666 527 1730 librum
559 1681 627 1731 esse
660 1667 778 1732 editum
808 1667 1017 1750 suspicamur:
1054 1666 1093 1731 ad
1124 1665 1255 1731 eundem

136 1791 247 1835 annum
272 1771 342 1834 aliis
365 1771 538 1837 rationibus
562 1772 715 1837 adductus
743 1773 868 1838 deuenit
890 1774 946 1838 Th.
970 1773 1054 1837 Zahn
1075 1772 1183 1838 histor.
1207 1791 1255 1837 ca·

135 1877 223 1942 nonis
252 1876 287 1940 Τ.
305 1876 345 1941 Ν.
365 1877 381 1940 I
399 1877 512 1962 (1890)
531 1898 560 1961 p.
581 1878 655 1945 234.
680 1878 813 1962 Scripsit
835 1881 940 1943 autem
957 1877 1122 1943 Filastrius
1139 1877 1255 1942 librum

136 2003 229 2047 sunm
260 1986 298 2048 ut
327 1982 470 2047 defensor
497 1984 666 2049 catholicae
693 1983 765 2049 fidei
791 1983 1012 2067 triumphantis
1036 1986 1068 2048 et
1089 1983 1254 2067 episcopus

136 2088 284 2154 ecciesiae
315 2087 456 2153 uictricis
484 2088 597 2173 gaudio
624 2090 780 2155 exultans:
817 2089 900 2171 quod
927 2088 1076 2173 gaudium
1102 2108 1202 2170 neque
1222 2090 1254 2154 in

135 2193 326 2276 praefatione
354 2194 456 2275 operis
486 2195 606 2258 celatur
627 2197 659 2260 55
681 2212 747 2277 cap.
772 2195 835 2259 153
858 2195 1060 2277 conspicuum
1082 2193 1119 2259 fit
1140 2194 1195 2259 ubi
1217 2194 1255 2259 de

132 2300 282 2365 trinitatis
317 2299 438 2364 unitate
470 2300 602 2365 edocens
637 2300 810 2365 haereticos
846 2299 987 2382 inprimis
1018 2300 1148 2365 Arianos
1184 2319 1255 2365 cum

135 2406 281 2470 acerrime
303 2405 476 2470 insectatur
440 2403 525 2491 urii
545 2407 592 2490 5).
545 2403 744 2484 sume,
735 2405 847 2488 inquit,
865 2405 928 2469 et
915 2425 950 2468 m
970 2404 1027 2470 555
1048 2406 1256 2470 coniunctione

133 2518 257 2576 semotae
283 2510 519 2592 odormdocqme
548 2512 698 2584 trinitatis
721 2511 937 2594 qoudeoms..
953 2511 1011 2576 ‚in
1036 2530 1094 2591 qao
1117 2515 1146 2574 et
1168 2511 1254 2576 ecete-

132 2619 183 2681 sio
205 2615 352 2681 catholico
373 2615 488 2680 ecattot
508 2617 562 2679 hoc
578 2615 768 2697 praedicares
789 2615 910 2680 cottidie
932 2620 1022 2696 atque
1044 2615 1167 2681 edoceres
1184 2636 1254 2684 ean·

133 2722 257 2803 5155555
265 2721 345 2785 ioue
357 2741 474 2785 ommam
487 2721 673 2802 impietatem
680 2741 841 2803 papanem
851 2725 880 2784 et
892 2721 1084 2801 iniquitatem
1092 2720 1255 2785 Iudaicam

134 2827 292 2891 destrmeos
304 2827 426 2891 cottidie
439 2827 523 2890 moui
536 2826 652 2890 comitet
664 2828 699 2891 in
708 2827 824 2910 poetic
839 2825 926 2912 (conf
937 2827 956 2909 i
970 2824 1016 2912 3).
1030 2827 1077 2892 De
1092 2826 1162 2892 aliis
1175 2826 1254 2894 locis

133 2933 227 2998 huius
241 2933 314 2998 libri
316 2933 450 3016 ‚quibus
464 2936 605 3015 tempora
618 2932 755 2998 indicant
741 2937 794 2998 tur
807 2936 891 2997 certa
892 2935 1020 3014 ‚postea
1032 2932 1205 3016 ageturubi
1217 2933 1254 2998 li·

134 3038 747 3105 5555111555ήί55555151555555555515
758 3037 1166 3124 essedemonstrabimussp
1172 3036 1253 3124 XV).

176 3143 460 3228 Locupletissimus
500 3163 561 3210 non
597 3136 700 3209 solum
731 3144 826 3210 huius
862 3145 1022 3228 scriptoris
1063 3145 1116 3209 sed
1157 3146 1406 3268 etiamstmrow

133 3249 206 3314 libri
236 3249 303 3316 eius
332 3249 369 3313 de
396 3249 576 3314 haeresibus
603 3250 695 3315 testis
723 3252 772 3314 est
797 3251 1004 3334 Augustinus,
1033 3250 1087 3332 qui
1112 3254 1185 3332 post
1214 3250 1252 3314 li·
1264 3225 1406 3317 55555

133 3355 206 3420 bros
243 3354 280 3419 de
318 3339 446 3420 ciuitate
482 3355 532 3420 dei
564 3355 629 3421 edit
614 3359 665 3421 tos
695 3355 747 3437 (de
778 3355 896 3421 haeres
929 3353 984 3440 43)
1013 3354 1128 3420 librum
1160 3330 1338 3422 suumm'

135 3460 173 3525 de
196 3461 377 3525 haeresibus
402 3461 580 3542 composuit
601 3480 680 3525 anno
702 3460 765 3525 fere
788 3462 862 3525 428.
898 3460 935 3524 15
958 3479 1018 3543 quo
1042 3460 1254 3543 componendo

133 3585 211 3630 usus
234 3568 283 3631 est
303 3566 470 3650 Epiphanii
493 3569 525 3631 et
546 3566 685 3631 numeni
707 3585 798 3648 opere
821 3584 909 3649 capp.
935 3565 1049 3643 1-57,
1072 3565 1253 3630 Filastrium

134 3671 245 3736 deinde
268 3672 371 3737 solum
384 3672 547 3754 ¹excerpsit
570 3690 657 3756 capp.
676 3673 814 3747 58-80,
836 3675 906 3735 tum
929 3669 1089 3754 scriptoris
1111 3671 1254 3736 adhibuit

135 3778 278 3860 anonymi
296 3777 459 3843 cuiusdam
476 3777 593 3843 librum
617 3778 654 3842 de
672 3777 852 3849 haeresibus
871 3796 959 3859 capp.
979 3777 1031 3842 81.
1050 3779 1102 3852 82,
1121 3776 1252 3860 denique

134 3883 263 3947 Eusebii
293 3883 456 3948 historiam
487 3902 553 3966 cap.
586 3884 639 3949 83.
680 3881 766 3962 Quae
796 3883 961 3947 Filastrins
992 3883 1100 3965 posuit
1128 3882 1199 3947 inde
1235 3902 1254 3948 a

117 4006 201 4078 cap.
227 3990 300 4068 128,
322 4008 383 4054 555
409 3989 471 4052 155
500 3990 623 4054 curauit
647 3989 701 4053 ille
724 4008 823 4071 neque
844 3987 876 4051 in
900 3987 1032 4071 singulis
1054 3988 1159 4052 uerbis
1181 4007 1253 4053 auc·

81 4146 83 4151 .
133 4095 211 4159 toris
238 4096 289 4163 sui
317 4095 489 4160 adferentis
517 4095 550 4160 id
573 4099 732 4180 spectasse
760 4094 895 4171 uidetur,
918 4097 955 4159 55
981 4112 1018 4159 55
1044 4112 1138 4176 quam
1163 4112 1252 4160 aecu-

133 4200 290 4266 ratiesime
312 4204 441 4285 poneret
461 4202 679 4285 transscripta.¹
701 4202 788 4266 locos
812 4219 918 4265 omnes
940 4200 972 4264 in
995 4199 1130 4265 editione
1147 4203 1254 4266 nostra
