<?xml version="1.0" encoding="UTF-8"?>
<!DOCTYPE html PUBLIC "-//W3C//DTD XHTML 1.0 Transitional//EN"
    "http://www.w3.org/TR/xhtml1/DTD/xhtml1-transitional.dtd">
<html xmlns="http://www.w3.org/1999/xhtml" xml:lang="en" lang="en">
 <head>
  <title>
</title>
<meta http-equiv="Content-Type" content="text/html;charset=utf-8" />
  <meta name='ocr-system' content='tesseract 3.04.00' />
  <meta name='ocr-capabilities' content='ocr_page ocr_carea ocr_par ocr_line ocrx_word'/>
</head>
<body>
  <div class='ocr_page' id='page_1' title='image "./sanctifilastrii00marxgoog_0160.png"; bbox 0 0 2858 4620; ppageno 0'>
   <div class='ocr_carea' id='block_1_1' title="bbox 576 285 1280 362">
    <p class='ocr_par' dir='ltr' id='par_1_1' title="bbox 576 285 1280 362">
     <span class='ocr_line' id='line_1_1' title="bbox 576 285 1280 362; baseline 0.014 -10"><span class='ocrx_word' id='word_1_1' title='bbox 576 287 714 352; x_wconf 74' lang='lat' dir='ltr'><strong>cxxxvi</strong></span> <span class='ocrx_word' id='word_1_2' title='bbox 734 285 906 352; x_wconf 64' lang='lat' dir='ltr'><strong>cruxvuq</strong></span> <span class='ocrx_word' id='word_1_3' title='bbox 940 285 942 288; x_wconf 68' lang='lat'>‘</span> <span class='ocrx_word' id='word_1_4' title='bbox 1221 292 1280 362; x_wconf 77' lang='lat'><strong>107</strong></span> 
     </span>
    </p>
   </div>
   <div class='ocr_carea' id='block_1_2' title="bbox 117 485 1325 1206">
    <p class='ocr_par' dir='ltr' id='par_1_2' title="bbox 171 485 1325 890">
     <span class='ocr_line' id='line_1_2' title="bbox 174 485 1283 568; baseline -0.001 -15"><span class='ocrx_word' id='word_1_5' title='bbox 174 485 294 554; x_wconf 88' lang='lat' dir='ltr'><strong>rursum</strong></span> <span class='ocrx_word' id='word_1_6' title='bbox 326 490 448 554; x_wconf 79' lang='lat' dir='ltr'>litterae</span> <span class='ocrx_word' id='word_1_7' title='bbox 485 490 651 555; x_wconf 80' lang='lat' dir='ltr'><strong>subsecuta</strong></span> <span class='ocrx_word' id='word_1_8' title='bbox 687 491 746 568; x_wconf 75' lang='lat' dir='ltr'><strong>est,</strong></span> <span class='ocrx_word' id='word_1_9' title='bbox 781 493 818 554; x_wconf 89' lang='lat' dir='ltr'><strong>ut</strong></span> <span class='ocrx_word' id='word_1_10' title='bbox 847 491 878 555; x_wconf 91' lang='lat' dir='ltr'><strong>in</strong></span> <span class='ocrx_word' id='word_1_11' title='bbox 908 490 1012 555; x_wconf 89' lang='lat' dir='ltr'><strong>littera</strong></span> <span class='ocrx_word' id='word_1_12' title='bbox 1042 490 1136 554; x_wconf 89' lang='lat' dir='ltr'><strong>etiam</strong></span> <span class='ocrx_word' id='word_1_13' title='bbox 1168 487 1283 553; x_wconf 80' lang='lat' dir='ltr'><strong>Christi</strong></span> 
     </span>
     <span class='ocr_line' id='line_1_3' title="bbox 174 593 1282 679; baseline -0.003 -19"><span class='ocrx_word' id='word_1_14' title='bbox 174 594 320 678; x_wconf 88' lang='lat' dir='ltr'><strong>spiritalis</strong></span> <span class='ocrx_word' id='word_1_15' title='bbox 348 594 478 660; x_wconf 87' lang='lat' dir='ltr'><strong>seientia</strong></span> <span class='ocrx_word' id='word_1_16' title='bbox 505 596 537 659; x_wconf 92' lang='lat' dir='ltr'><strong>et</strong></span> <span class='ocrx_word' id='word_1_17' title='bbox 564 593 693 659; x_wconf 85' lang='lat' dir='ltr'><strong>earnalis</strong></span> <span class='ocrx_word' id='word_1_18' title='bbox 721 594 1100 679; x_wconf 22' lang='lat' dir='ltr'><strong>praesentia-inluminans</strong></span> <span class='ocrx_word' id='word_1_19' title='bbox 1124 593 1282 658; x_wconf 83' lang='lat' dir='ltr'><strong>saeculum</strong></span> 
     </span>
     <span class='ocr_line' id='line_1_4' title="bbox 172 694 1325 784; baseline -0.004 -19"><span class='ocrx_word' id='word_1_20' title='bbox 172 704 353 782; x_wconf 76' lang='lat' dir='ltr'><strong>speraretur.</strong></span> <span class='ocrx_word' id='word_1_21' title='bbox 384 700 521 784; x_wconf 78' lang='lat' dir='ltr'>Ideoque</span> <span class='ocrx_word' id='word_1_22' title='bbox 551 702 599 765; x_wconf 81' lang='lat' dir='ltr'><strong>lex</strong></span> <span class='ocrx_word' id='word_1_23' title='bbox 625 699 728 784; x_wconf 80' lang='lat' dir='ltr'>Moysi</span> <span class='ocrx_word' id='word_1_24' title='bbox 759 701 845 765; x_wconf 88' lang='lat' dir='ltr'><strong>aliud</strong></span> <span class='ocrx_word' id='word_1_25' title='bbox 869 701 901 764; x_wconf 92' lang='lat' dir='ltr'><strong>in</strong></span> <span class='ocrx_word' id='word_1_26' title='bbox 924 719 998 766; x_wconf 90' lang='lat' dir='ltr'><strong>sono</strong></span> <span class='ocrx_word' id='word_1_27' title='bbox 1021 700 1119 778; x_wconf 85' lang='lat' dir='ltr'><strong>noeis,</strong></span> <span class='ocrx_word' id='word_1_28' title='bbox 1146 699 1231 763; x_wconf 88' lang='lat' dir='ltr'><strong>aliud</strong></span> <span class='ocrx_word' id='word_1_29' title='bbox 1251 694 1325 762; x_wconf 87' lang='lat' dir='ltr'><strong>in5</strong></span> 
     </span>
     <span class='ocr_line' id='line_1_5' title="bbox 171 796 1283 890; baseline 0.001 -20"><span class='ocrx_word' id='word_1_30' title='bbox 171 806 365 885; x_wconf 61' lang='lat' dir='ltr'><strong>abscondito⁹</strong></span> <span class='ocrx_word' id='word_1_31' title='bbox 389 806 523 888; x_wconf 83' lang='lat' dir='ltr'><strong>salutare</strong></span> <span class='ocrx_word' id='word_1_32' title='bbox 555 805 671 872; x_wconf 84' lang='lat' dir='ltr'><strong>Christi</strong></span> <span class='ocrx_word' id='word_1_33' title='bbox 705 807 886 890; x_wconf 82' lang='lat' dir='ltr'><strong>mysterium</strong></span> <span class='ocrx_word' id='word_1_34' title='bbox 922 796 1081 872; x_wconf 83' lang='lat' dir='ltr'><strong>continens</strong></span> <span class='ocrx_word' id='word_1_35' title='bbox 1112 806 1283 871; x_wconf 81' lang='lat' dir='ltr'>nuntiabat.</span> 
     </span>
    </p>

    <p class='ocr_par' dir='ltr' id='par_1_3' title="bbox 117 912 1283 1206">
     <span class='ocr_line' id='line_1_6' title="bbox 117 912 1283 997; baseline 0 -21"><span class='ocrx_word' id='word_1_36' title='bbox 117 929 144 968; x_wconf 75' lang='lat'>⁵</span> <span class='ocrx_word' id='word_1_37' title='bbox 170 912 249 995; x_wconf 81' lang='lat' dir='ltr'><strong>ldtgo</strong></span> <span class='ocrx_word' id='word_1_38' title='bbox 280 930 380 995; x_wconf 90' lang='lat' dir='ltr'><strong>neque</strong></span> <span class='ocrx_word' id='word_1_39' title='bbox 411 912 591 977; x_wconf 87' lang='lat' dir='ltr'><strong>mandatum</strong></span> <span class='ocrx_word' id='word_1_40' title='bbox 618 913 684 977; x_wconf 90' lang='lat' dir='ltr'><strong>siue</strong></span> <span class='ocrx_word' id='word_1_41' title='bbox 710 913 789 997; x_wconf 83' lang='lat' dir='ltr'><strong>lege,</strong></span> <span class='ocrx_word' id='word_1_42' title='bbox 813 919 868 978; x_wconf 87' lang='lat' dir='ltr'><strong>neo</strong></span> <span class='ocrx_word' id='word_1_43' title='bbox 889 913 938 977; x_wconf 84' lang='lat' dir='ltr'><strong>lex</strong></span> <span class='ocrx_word' id='word_1_44' title='bbox 962 913 1027 977; x_wconf 91' lang='lat' dir='ltr'><strong>sine</strong></span> <span class='ocrx_word' id='word_1_45' title='bbox 1050 913 1212 993; x_wconf 50' lang='lat' dir='ltr'><strong>mandatos</strong></span> <span class='ocrx_word' id='word_1_46' title='bbox 1228 930 1283 976; x_wconf 89' lang='lat' dir='ltr'><strong>neo</strong></span> 
     </span>
     <span class='ocr_line' id='line_1_7' title="bbox 169 1005 1283 1104; baseline 0 -23"><span class='ocrx_word' id='word_1_47' title='bbox 169 1017 269 1104; x_wconf 88' lang='lat' dir='ltr'><strong>gratia</strong></span> <span class='ocrx_word' id='word_1_48' title='bbox 291 1005 406 1083; x_wconf 79' lang='lat' dir='ltr'><strong>Christi</strong></span> <span class='ocrx_word' id='word_1_49' title='bbox 430 1018 495 1083; x_wconf 91' lang='lat' dir='ltr'><strong>siue</strong></span> <span class='ocrx_word' id='word_1_50' title='bbox 517 1017 586 1102; x_wconf 90' lang='lat' dir='ltr'><strong>lege</strong></span> <span class='ocrx_word' id='word_1_51' title='bbox 609 1020 640 1081; x_wconf 94' lang='lat' dir='ltr'><strong>et</strong></span> <span class='ocrx_word' id='word_1_52' title='bbox 661 1017 806 1082; x_wconf 89' lang='lat' dir='ltr'><strong>mandato</strong></span> <span class='ocrx_word' id='word_1_53' title='bbox 830 1017 928 1101; x_wconf 84' lang='lat' dir='ltr'><strong>accipi</strong></span> <span class='ocrx_word' id='word_1_54' title='bbox 951 1022 1005 1082; x_wconf 89' lang='lat' dir='ltr'><strong>aut</strong></span> <span class='ocrx_word' id='word_1_55' title='bbox 1027 1017 1110 1082; x_wconf 85' lang='lat' dir='ltr'><strong>aredi</strong></span> <span class='ocrx_word' id='word_1_56' title='bbox 1132 1016 1224 1081; x_wconf 87' lang='lat' dir='ltr'><strong>debet</strong></span> <span class='ocrx_word' id='word_1_57' title='bbox 1246 1016 1283 1081; x_wconf 89' lang='lat' dir='ltr'><strong>ab</strong></span> 
     </span>
     <span class='ocr_line' id='line_1_8' title="bbox 170 1124 1011 1206; baseline -0.002 -17"><span class='ocrx_word' id='word_1_58' title='bbox 170 1124 284 1206; x_wconf 81' lang='lat' dir='ltr'><strong>aliquo.</strong></span> <span class='ocrx_word' id='word_1_59' title='bbox 1009 1140 1011 1144; x_wconf 90' lang='grc'><em>·</em></span> 
     </span>
    </p>
   </div>
   <div class='ocr_carea' id='block_1_3' title="bbox 692 1264 762 1331">
    <p class='ocr_par' dir='ltr' id='par_1_4' title="bbox 692 1264 762 1331">
     <span class='ocr_line' id='line_1_9' title="bbox 692 1264 762 1331; baseline -0.029 0"><span class='ocrx_word' id='word_1_60' title='bbox 692 1264 762 1331; x_wconf 81' lang='lat' dir='ltr'><strong>CIX</strong></span> 
     </span>
    </p>
   </div>
   <div class='ocr_carea' id='block_1_4' title="bbox 117 1422 1420 1934">
    <p class='ocr_par' dir='ltr' id='par_1_5' title="bbox 117 1422 1420 1934">
     <span class='ocr_line' id='line_1_10' title="bbox 212 1422 1420 1507; baseline -0.007 -18"><span class='ocrx_word' id='word_1_61' title='bbox 212 1424 292 1489; x_wconf 85' lang='lat' dir='ltr'><strong>Sunt</strong></span> <span class='ocrx_word' id='word_1_62' title='bbox 317 1424 442 1506; x_wconf 89' lang='lat' dir='ltr'><strong>quidam</strong></span> <span class='ocrx_word' id='word_1_63' title='bbox 469 1423 608 1502; x_wconf 83' lang='lat' dir='ltr'><strong>heretici,</strong></span> <span class='ocrx_word' id='word_1_64' title='bbox 636 1424 700 1505; x_wconf 82' lang='lat' dir='ltr'><strong>qui,</strong></span> <span class='ocrx_word' id='word_1_65' title='bbox 727 1442 799 1488; x_wconf 91' lang='lat' dir='ltr'><strong>oum</strong></span> <span class='ocrx_word' id='word_1_66' title='bbox 824 1423 1141 1507; x_wconf 87' lang='lat' dir='ltr'><strong>leguutsaripturam</strong></span> <span class='ocrx_word' id='word_1_67' title='bbox 1164 1422 1285 1487; x_wconf 86' lang='lat' dir='ltr'><strong>dicente</strong></span> <span class='ocrx_word' id='word_1_68' title='bbox 1304 1422 1420 1480; x_wconf 77' lang='lat' dir='ltr'>CXXXV</span> 
     </span>
     <span class='ocr_line' id='line_1_11' title="bbox 117 1514 1283 1618; baseline 0.002 -30"><span class='ocrx_word' id='word_1_69' title='bbox 117 1544 153 1588; x_wconf 77' lang='grc' dir='ltr'><strong>ιο</strong></span> <span class='ocrx_word' id='word_1_70' title='bbox 171 1526 307 1594; x_wconf 89' lang='lat' dir='ltr'><strong>domino:</strong></span> <span class='ocrx_word' id='word_1_71' title='bbox 330 1526 540 1593; x_wconf 80' lang='lat' dir='ltr'><strong>Faciamus</strong></span> <span class='ocrx_word' id='word_1_72' title='bbox 562 1528 758 1593; x_wconf 92' lang='lat' dir='ltr'><strong>hominem</strong></span> <span class='ocrx_word' id='word_1_73' title='bbox 781 1528 826 1593; x_wconf 91' lang='lat' dir='ltr'><strong>ad</strong></span> <span class='ocrx_word' id='word_1_74' title='bbox 848 1527 1060 1613; x_wconf 85' lang='lat' dir='ltr'><strong>imaginem</strong></span> <span class='ocrx_word' id='word_1_75' title='bbox 1083 1531 1121 1618; x_wconf 81' lang='lat' dir='ltr'><strong>et</strong></span> <span class='ocrx_word' id='word_1_76' title='bbox 1148 1514 1283 1593; x_wconf 83' lang='lat' dir='ltr'><strong>simili·</strong></span> 
     </span>
     <span class='ocr_line' id='line_1_12' title="bbox 170 1616 1283 1717; baseline 0.001 -22"><span class='ocrx_word' id='word_1_77' title='bbox 170 1632 345 1698; x_wconf 88' lang='lat' dir='ltr'><strong>tudinem</strong></span> <span class='ocrx_word' id='word_1_78' title='bbox 376 1636 562 1710; x_wconf 80' lang='lat' dir='ltr'><strong>nostram,</strong></span> <span class='ocrx_word' id='word_1_79' title='bbox 594 1652 654 1699; x_wconf 92' lang='lat' dir='ltr'><strong>uon</strong></span> <span class='ocrx_word' id='word_1_80' title='bbox 680 1633 712 1701; x_wconf 90' lang='lat' dir='ltr'><strong>iu</strong></span> <span class='ocrx_word' id='word_1_81' title='bbox 739 1653 867 1717; x_wconf 90' lang='lat' dir='ltr'><strong>paruam</strong></span> <span class='ocrx_word' id='word_1_82' title='bbox 896 1633 1087 1707; x_wconf 81' lang='lat' dir='ltr'><strong>descendunt</strong></span> <span class='ocrx_word' id='word_1_83' title='bbox 1108 1616 1283 1710; x_wconf 84' lang='lat' dir='ltr'><strong>amentiam,</strong></span> 
     </span>
     <span class='ocr_line' id='line_1_13' title="bbox 167 1736 1284 1822; baseline -0.001 -21"><span class='ocrx_word' id='word_1_84' title='bbox 167 1738 343 1822; x_wconf 82' lang='lat' dir='ltr'><strong>ignorantes</strong></span> <span class='ocrx_word' id='word_1_85' title='bbox 374 1738 509 1821; x_wconf 90' lang='lat' dir='ltr'><strong>primum</strong></span> <span class='ocrx_word' id='word_1_86' title='bbox 540 1738 615 1821; x_wconf 86' lang='lat' dir='ltr'><strong>quid</strong></span> <span class='ocrx_word' id='word_1_87' title='bbox 644 1739 759 1822; x_wconf 80' lang='lat' dir='ltr'><strong>imago,</strong></span> <span class='ocrx_word' id='word_1_88' title='bbox 791 1737 906 1821; x_wconf 86' lang='lat' dir='ltr'><strong>quidue</strong></span> <span class='ocrx_word' id='word_1_89' title='bbox 938 1738 1111 1803; x_wconf 88' lang='lat' dir='ltr'><strong>similitudo</strong></span> <span class='ocrx_word' id='word_1_90' title='bbox 1148 1737 1191 1803; x_wconf 90' lang='lat' dir='ltr'><strong>sit</strong></span> <span class='ocrx_word' id='word_1_91' title='bbox 1225 1736 1284 1813; x_wconf 75' lang='lat' dir='ltr'><strong>dei,</strong></span> 
     </span>
     <span class='ocr_line' id='line_1_14' title="bbox 168 1830 1285 1934; baseline 0.001 -27"><span class='ocrx_word' id='word_1_92' title='bbox 168 1863 301 1926; x_wconf 88' lang='lat' dir='ltr'><strong>eumque</strong></span> <span class='ocrx_word' id='word_1_93' title='bbox 331 1843 474 1908; x_wconf 78' lang='lat' dir='ltr'><strong>nesciunt</strong></span> <span class='ocrx_word' id='word_1_94' title='bbox 506 1844 580 1926; x_wconf 85' lang='lat' dir='ltr'><strong>quid</strong></span> <span class='ocrx_word' id='word_1_95' title='bbox 608 1830 654 1909; x_wconf 88' lang='lat' dir='ltr'><strong>sit</strong></span> <span class='ocrx_word' id='word_1_96' title='bbox 680 1844 783 1930; x_wconf 88' lang='lat' dir='ltr'><strong>imago</strong></span> <span class='ocrx_word' id='word_1_97' title='bbox 811 1844 861 1909; x_wconf 92' lang='lat' dir='ltr'><strong>dei</strong></span> <span class='ocrx_word' id='word_1_98' title='bbox 887 1847 997 1909; x_wconf 88' lang='lat' dir='ltr'><strong>natura</strong></span> <span class='ocrx_word' id='word_1_99' title='bbox 1022 1841 1230 1934; x_wconf 88' lang='lat' dir='ltr'><strong>proprietatis,</strong></span> <span class='ocrx_word' id='word_1_100' title='bbox 1253 1845 1285 1907; x_wconf 89' lang='lat' dir='ltr'><strong>et</strong></span> 
     </span>
    </p>
   </div>
   <div class='ocr_carea' id='block_1_5' title="bbox 117 1947 1374 3520">
    <p class='ocr_par' dir='ltr' id='par_1_6' title="bbox 167 1947 1285 2035">
     <span class='ocr_line' id='line_1_15' title="bbox 167 1947 1285 2035; baseline -0.002 -21"><span class='ocrx_word' id='word_1_101' title='bbox 167 1949 242 2031; x_wconf 88' lang='lat' dir='ltr'><strong>quid</strong></span> <span class='ocrx_word' id='word_1_102' title='bbox 262 1947 428 2033; x_wconf 84' lang='lat' dir='ltr'><strong>positionis</strong></span> <span class='ocrx_word' id='word_1_103' title='bbox 451 1949 624 2035; x_wconf 24' lang='lat' dir='ltr'><strong>sit-gratia,</strong></span> <span class='ocrx_word' id='word_1_104' title='bbox 648 1969 711 2023; x_wconf 82' lang='lat' dir='ltr'><strong>uon</strong></span> <span class='ocrx_word' id='word_1_105' title='bbox 730 1969 857 2031; x_wconf 84' lang='lat' dir='ltr'><strong>paruam</strong></span> <span class='ocrx_word' id='word_1_106' title='bbox 872 1950 942 2016; x_wconf 87' lang='lat' dir='ltr'><strong>sibi</strong></span> <span class='ocrx_word' id='word_1_107' title='bbox 959 1952 1162 2033; x_wconf 86' lang='lat' dir='ltr'><strong>praesumunt</strong></span> <span class='ocrx_word' id='word_1_108' title='bbox 1179 1967 1285 2032; x_wconf 88' lang='lat' dir='ltr'><strong>super.</strong></span> 
     </span>
    </p>

    <p class='ocr_par' dir='ltr' id='par_1_7' title="bbox 129 2053 1328 2562">
     <span class='ocr_line' id='line_1_16' title="bbox 129 2053 1326 2150; baseline 0 -32"><span class='ocrx_word' id='word_1_109' title='bbox 129 2080 151 2118; x_wconf 83' lang='lat' dir='ltr'><strong>n</strong></span> <span class='ocrx_word' id='word_1_110' title='bbox 166 2055 249 2120; x_wconf 89' lang='lat' dir='ltr'><strong>biam</strong></span> <span class='ocrx_word' id='word_1_111' title='bbox 273 2054 444 2140; x_wconf 86' lang='lat' dir='ltr'><strong>dignitatis.</strong></span> <span class='ocrx_word' id='word_1_112' title='bbox 468 2056 584 2150; x_wconf 85' lang='lat' dir='ltr'><strong>Imago</strong></span> <span class='ocrx_word' id='word_1_113' title='bbox 598 2055 679 2130; x_wconf 88' lang='lat' dir='ltr'><strong>enim</strong></span> <span class='ocrx_word' id='word_1_114' title='bbox 702 2055 753 2120; x_wconf 94' lang='lat' dir='ltr'><strong>dei</strong></span> <span class='ocrx_word' id='word_1_115' title='bbox 774 2056 807 2120; x_wconf 93' lang='lat' dir='ltr'><strong>id</strong></span> <span class='ocrx_word' id='word_1_116' title='bbox 829 2058 878 2121; x_wconf 92' lang='lat' dir='ltr'><strong>est</strong></span> <span class='ocrx_word' id='word_1_117' title='bbox 900 2056 1003 2121; x_wconf 90' lang='lat' dir='ltr'><strong>anima</strong></span> <span class='ocrx_word' id='word_1_118' title='bbox 1022 2056 1122 2122; x_wconf 88' lang='lat' dir='ltr'><strong>omnis</strong></span> <span class='ocrx_word' id='word_1_119' title='bbox 1138 2053 1283 2124; x_wconf 69' lang='lat' dir='ltr'><strong>hominis,</strong></span> <span class='ocrx_word' id='word_1_120' title='bbox 1307 2055 1326 2118; x_wconf 81' lang='lat'>2</span> 
     </span>
     <span class='ocr_line' id='line_1_17' title="bbox 166 2160 1286 2253; baseline -0.002 -28"><span class='ocrx_word' id='word_1_121' title='bbox 166 2161 249 2228; x_wconf 84' lang='lat' dir='ltr'><strong>faeta</strong></span> <span class='ocrx_word' id='word_1_122' title='bbox 280 2179 315 2224; x_wconf 84' lang='lat' dir='ltr'><strong>er</strong></span> <span class='ocrx_word' id='word_1_123' title='bbox 346 2160 465 2227; x_wconf 64' lang='lat' dir='ltr'><strong>sibilos</strong></span> <span class='ocrx_word' id='word_1_124' title='bbox 491 2161 663 2235; x_wconf 86' lang='lat' dir='ltr'><strong>similitudo</strong></span> <span class='ocrx_word' id='word_1_125' title='bbox 688 2164 800 2236; x_wconf 87' lang='lat' dir='ltr'><strong>autem</strong></span> <span class='ocrx_word' id='word_1_126' title='bbox 831 2162 863 2226; x_wconf 92' lang='lat' dir='ltr'><strong>in</strong></span> <span class='ocrx_word' id='word_1_127' title='bbox 894 2161 955 2253; x_wconf 87' lang='lat' dir='ltr'><strong>tide</strong></span> <span class='ocrx_word' id='word_1_128' title='bbox 982 2162 1049 2228; x_wconf 85' lang='lat' dir='ltr'><strong>uita</strong></span> <span class='ocrx_word' id='word_1_129' title='bbox 1074 2162 1133 2234; x_wconf 92' lang='lat' dir='ltr'><strong>uisi</strong></span> <span class='ocrx_word' id='word_1_130' title='bbox 1160 2160 1286 2244; x_wconf 82' lang='lat' dir='ltr'><strong>cognita</strong></span> 
     </span>
     <span class='ocr_line' id='line_1_18' title="bbox 164 2266 1285 2354; baseline -0.001 -24"><span class='ocrx_word' id='word_1_131' title='bbox 164 2267 260 2331; x_wconf 89' lang='lat' dir='ltr'><strong>fuerit</strong></span> <span class='ocrx_word' id='word_1_132' title='bbox 282 2286 300 2331; x_wconf 89' lang='lat' dir='ltr'><strong>a</strong></span> <span class='ocrx_word' id='word_1_133' title='bbox 322 2267 390 2346; x_wconf 83' lang='lat' dir='ltr'><strong>deo,</strong></span> <span class='ocrx_word' id='word_1_134' title='bbox 414 2268 561 2351; x_wconf 88' lang='lat' dir='ltr'><strong>appellari</strong></span> <span class='ocrx_word' id='word_1_135' title='bbox 582 2285 641 2336; x_wconf 86' lang='lat' dir='ltr'><strong>non</strong></span> <span class='ocrx_word' id='word_1_136' title='bbox 665 2268 769 2350; x_wconf 86' lang='lat' dir='ltr'><strong>potest</strong></span> <span class='ocrx_word' id='word_1_137' title='bbox 791 2267 841 2332; x_wconf 90' lang='lat' dir='ltr'><strong>dei</strong></span> <span class='ocrx_word' id='word_1_138' title='bbox 862 2268 966 2354; x_wconf 89' lang='lat' dir='ltr'><strong>imago</strong></span> <span class='ocrx_word' id='word_1_139' title='bbox 990 2268 1112 2333; x_wconf 91' lang='lat' dir='ltr'><strong>similis.</strong></span> <span class='ocrx_word' id='word_1_140' title='bbox 1142 2266 1285 2348; x_wconf 73' lang='lat' dir='ltr'><strong>Cumque</strong></span> 
     </span>
     <span class='ocr_line' id='line_1_19' title="bbox 160 2357 1287 2456; baseline -0.004 -20"><span class='ocrx_word' id='word_1_141' title='bbox 160 2362 201 2436; x_wconf 68' lang='lat' dir='ltr'><strong>¹se</strong></span> <span class='ocrx_word' id='word_1_142' title='bbox 224 2390 292 2436; x_wconf 91' lang='lat' dir='ltr'><strong>esse</strong></span> <span class='ocrx_word' id='word_1_143' title='bbox 314 2373 386 2454; x_wconf 89' lang='lat' dir='ltr'><strong>plus</strong></span> <span class='ocrx_word' id='word_1_144' title='bbox 410 2372 557 2437; x_wconf 88' lang='lat' dir='ltr'><strong>aestimat</strong></span> <span class='ocrx_word' id='word_1_145' title='bbox 577 2373 701 2454; x_wconf 83' lang='lat' dir='ltr'><strong>aliquis,</strong></span> <span class='ocrx_word' id='word_1_146' title='bbox 723 2373 988 2456; x_wconf 84' lang='lat' dir='ltr'><strong>praesumptionis</strong></span> <span class='ocrx_word' id='word_1_147' title='bbox 1016 2357 1131 2437; x_wconf 81' lang='lat' dir='ltr'><strong>erimar</strong></span> <span class='ocrx_word' id='word_1_148' title='bbox 1139 2366 1150 2454; x_wconf 72' lang='lat' dir='ltr'><strong>li</strong></span> <span class='ocrx_word' id='word_1_149' title='bbox 1158 2360 1287 2436; x_wconf 82' lang='lat' dir='ltr'><strong>incurrit</strong></span> 
     </span>
     <span class='ocr_line' id='line_1_20' title="bbox 166 2475 1328 2562; baseline 0 -19"><span class='ocrx_word' id='word_1_150' title='bbox 166 2478 274 2561; x_wconf 90' lang='lat' dir='ltr'><strong>potius</strong></span> <span class='ocrx_word' id='word_1_151' title='bbox 297 2497 390 2561; x_wconf 87' lang='lat' dir='ltr'><strong>quam</strong></span> <span class='ocrx_word' id='word_1_152' title='bbox 412 2478 558 2551; x_wconf 89' lang='lat' dir='ltr'><strong>meritum</strong></span> <span class='ocrx_word' id='word_1_153' title='bbox 582 2477 743 2562; x_wconf 87' lang='lat' dir='ltr'><strong>dignitatis</strong></span> <span class='ocrx_word' id='word_1_154' title='bbox 768 2479 828 2543; x_wconf 90' lang='lat' dir='ltr'><strong>sibi</strong></span> <span class='ocrx_word' id='word_1_155' title='bbox 846 2478 991 2562; x_wconf 86' lang='lat' dir='ltr'><strong>adquirit.</strong></span> <span class='ocrx_word' id='word_1_156' title='bbox 1013 2476 1094 2543; x_wconf 88' lang='lat' dir='ltr'><strong>Nam</strong></span> <span class='ocrx_word' id='word_1_157' title='bbox 1113 2475 1286 2561; x_wconf 70' lang='lat' dir='ltr'><strong>sumthaeo</strong></span> <span class='ocrx_word' id='word_1_158' title='bbox 1309 2481 1328 2543; x_wconf 88' lang='lat'>3</span> 
     </span>
    </p>

    <p class='ocr_par' dir='ltr' id='par_1_8' title="bbox 117 2582 1374 3099">
     <span class='ocr_line' id='line_1_21' title="bbox 117 2582 1286 2668; baseline -0.009 -16"><span class='ocrx_word' id='word_1_159' title='bbox 117 2609 149 2652; x_wconf 80' lang='lat' dir='ltr'><strong>so</strong></span> <span class='ocrx_word' id='word_1_160' title='bbox 165 2599 298 2668; x_wconf 87' lang='lat' dir='ltr'><strong>peooans</strong></span> <span class='ocrx_word' id='word_1_161' title='bbox 329 2584 488 2662; x_wconf 90' lang='lat' dir='ltr'><strong>inuenitur</strong></span> <span class='ocrx_word' id='word_1_162' title='bbox 514 2582 616 2648; x_wconf 88' lang='lat' dir='ltr'><strong>anima</strong></span> <span class='ocrx_word' id='word_1_163' title='bbox 636 2585 675 2656; x_wconf 76' lang='lat' dir='ltr'><strong>¹et</strong></span> <span class='ocrx_word' id='word_1_164' title='bbox 700 2583 814 2648; x_wconf 90' lang='lat' dir='ltr'><strong>iudioio</strong></span> <span class='ocrx_word' id='word_1_165' title='bbox 838 2584 968 2650; x_wconf 84' lang='lat' dir='ltr'><strong>obnoxia</strong></span> <span class='ocrx_word' id='word_1_166' title='bbox 990 2582 1155 2649; x_wconf 81' lang='lat' dir='ltr'><strong>detinenda</strong></span> <span class='ocrx_word' id='word_1_167' title='bbox 1177 2591 1286 2666; x_wconf 89' lang='lat' dir='ltr'><strong>oogno.</strong></span> 
     </span>
     <span class='ocr_line' id='line_1_22' title="bbox 157 2680 1374 2775; baseline 0.004 -21"><span class='ocrx_word' id='word_1_168' title='bbox 157 2688 276 2768; x_wconf 78' lang='lat' dir='ltr'><strong>scitur,</strong></span> <span class='ocrx_word' id='word_1_169' title='bbox 307 2689 462 2772; x_wconf 87' lang='lat' dir='ltr'><strong>quomodo</strong></span> <span class='ocrx_word' id='word_1_170' title='bbox 495 2708 565 2763; x_wconf 88' lang='lat' dir='ltr'><strong>esse</strong></span> <span class='ocrx_word' id='word_1_171' title='bbox 592 2693 697 2772; x_wconf 87' lang='lat' dir='ltr'><strong>potest</strong></span> <span class='ocrx_word' id='word_1_172' title='bbox 723 2680 800 2754; x_wconf 84' lang='lat' dir='ltr'><strong>haee</strong></span> <span class='ocrx_word' id='word_1_173' title='bbox 827 2689 877 2755; x_wconf 85' lang='lat' dir='ltr'><strong>dei</strong></span> <span class='ocrx_word' id='word_1_174' title='bbox 899 2685 1186 2773; x_wconf 89' lang='lat' dir='ltr'><strong>naturalisimago‚</strong></span> <span class='ocrx_word' id='word_1_175' title='bbox 1210 2707 1288 2775; x_wconf 88' lang='lat' dir='ltr'><strong>quae</strong></span> <span class='ocrx_word' id='word_1_176' title='bbox 1356 2685 1374 2759; x_wconf 70' lang='lat' dir='ltr'>s</span> 
     </span>
     <span class='ocr_line' id='line_1_23' title="bbox 166 2788 1330 2878; baseline 0.002 -18"><span class='ocrx_word' id='word_1_177' title='bbox 166 2793 304 2861; x_wconf 82' lang='lat' dir='ltr'><strong>diuersis</strong></span> <span class='ocrx_word' id='word_1_178' title='bbox 330 2795 468 2878; x_wconf 79' lang='lat' dir='ltr'><strong>peccatis</strong></span> <span class='ocrx_word' id='word_1_179' title='bbox 500 2796 672 2862; x_wconf 87' lang='lat' dir='ltr'><strong>dinoscitur</strong></span> <span class='ocrx_word' id='word_1_180' title='bbox 701 2796 873 2861; x_wconf 80' lang='lat' dir='ltr'><strong>inseruire?</strong></span> <span class='ocrx_word' id='word_1_181' title='bbox 904 2814 975 2860; x_wconf 90' lang='lat' dir='ltr'><strong>oum</strong></span> <span class='ocrx_word' id='word_1_182' title='bbox 1007 2796 1068 2860; x_wconf 91' lang='lat' dir='ltr'><strong>alia</strong></span> <span class='ocrx_word' id='word_1_183' title='bbox 1098 2788 1184 2860; x_wconf 88' lang='lat' dir='ltr'><strong>nulla</strong></span> <span class='ocrx_word' id='word_1_184' title='bbox 1218 2811 1286 2860; x_wconf 87' lang='lat' dir='ltr'><strong>esse</strong></span> <span class='ocrx_word' id='word_1_185' title='bbox 1310 2800 1330 2862; x_wconf 83' lang='lat'>4</span> 
     </span>
     <span class='ocr_line' id='line_1_24' title="bbox 165 2899 1287 2987; baseline -0.002 -21"><span class='ocrx_word' id='word_1_186' title='bbox 165 2904 272 2985; x_wconf 89' lang='lat' dir='ltr'><strong>potest</strong></span> <span class='ocrx_word' id='word_1_187' title='bbox 293 2902 443 2967; x_wconf 88' lang='lat' dir='ltr'><strong>naturalis</strong></span> <span class='ocrx_word' id='word_1_188' title='bbox 465 2902 568 2987; x_wconf 90' lang='lat' dir='ltr'><strong>imago</strong></span> <span class='ocrx_word' id='word_1_189' title='bbox 593 2901 642 2966; x_wconf 95' lang='lat' dir='ltr'><strong>dei</strong></span> <span class='ocrx_word' id='word_1_190' title='bbox 665 2900 770 2966; x_wconf 83' lang='lat' dir='ltr'><strong>diuina</strong></span> <span class='ocrx_word' id='word_1_191' title='bbox 793 2904 825 2967; x_wconf 92' lang='lat' dir='ltr'><strong>et</strong></span> <span class='ocrx_word' id='word_1_192' title='bbox 841 2903 938 2986; x_wconf 89' lang='lat' dir='ltr'><strong>patris</strong></span> <span class='ocrx_word' id='word_1_193' title='bbox 956 2901 1087 2984; x_wconf 86' lang='lat' dir='ltr'><strong>propria,</strong></span> <span class='ocrx_word' id='word_1_194' title='bbox 1107 2921 1166 2966; x_wconf 93' lang='lat' dir='ltr'><strong>non</strong></span> <span class='ocrx_word' id='word_1_195' title='bbox 1186 2899 1287 2983; x_wconf 93' lang='lat' dir='ltr'><strong>angeli</strong></span> 
     </span>
     <span class='ocr_line' id='line_1_25' title="bbox 167 2998 1286 3099; baseline -0.001 -28"><span class='ocrx_word' id='word_1_196' title='bbox 167 3007 388 3099; x_wconf 70' lang='lat' dir='ltr'><strong>anthemusia,</strong></span> <span class='ocrx_word' id='word_1_197' title='bbox 412 3007 613 3078; x_wconf 81' lang='lat' dir='ltr'><strong>nisiChristi</strong></span> <span class='ocrx_word' id='word_1_198' title='bbox 636 2998 685 3072; x_wconf 92' lang='lat' dir='ltr'><strong>dei</strong></span> <span class='ocrx_word' id='word_1_199' title='bbox 709 3007 758 3071; x_wconf 91' lang='lat' dir='ltr'><strong>dei</strong></span> <span class='ocrx_word' id='word_1_200' title='bbox 780 3007 847 3086; x_wconf 87' lang='lat' dir='ltr'><strong>filii,</strong></span> <span class='ocrx_word' id='word_1_201' title='bbox 875 3008 929 3090; x_wconf 88' lang='lat' dir='ltr'><strong>qui</strong></span> <span class='ocrx_word' id='word_1_202' title='bbox 955 3010 1065 3073; x_wconf 86' lang='lat' dir='ltr'><strong>natura</strong></span> <span class='ocrx_word' id='word_1_203' title='bbox 1090 3006 1286 3090; x_wconf 87' lang='lat' dir='ltr'><strong>proprietatis</strong></span> 
     </span>
    </p>

    <p class='ocr_par' dir='ltr' id='par_1_9' title="bbox 117 3109 1285 3202">
     <span class='ocr_line' id='line_1_26' title="bbox 117 3109 1285 3202; baseline -0.004 -22"><span class='ocrx_word' id='word_1_204' title='bbox 117 3125 147 3180; x_wconf 78' lang='lat' dir='ltr'><strong>ss</strong></span> <span class='ocrx_word' id='word_1_205' title='bbox 165 3112 334 3202; x_wconf 87' lang='lat' dir='ltr'><strong>indisereta</strong></span> <span class='ocrx_word' id='word_1_206' title='bbox 368 3116 512 3196; x_wconf 85' lang='lat' dir='ltr'><strong>paternae</strong></span> <span class='ocrx_word' id='word_1_207' title='bbox 549 3113 741 3179; x_wconf 89' lang='lat' dir='ltr'><strong>substantiae</strong></span> <span class='ocrx_word' id='word_1_208' title='bbox 777 3127 813 3179; x_wconf 84' lang='lat' dir='ltr'><strong>aa</strong></span> <span class='ocrx_word' id='word_1_209' title='bbox 850 3109 1055 3198; x_wconf 85' lang='lat' dir='ltr'><strong>sempiternae</strong></span> <span class='ocrx_word' id='word_1_210' title='bbox 1090 3113 1193 3198; x_wconf 89' lang='lat' dir='ltr'><strong>imago</strong></span> <span class='ocrx_word' id='word_1_211' title='bbox 1232 3111 1285 3189; x_wconf 81' lang='lat' dir='ltr'><strong>sit,</strong></span> 
     </span>
    </p>

    <p class='ocr_par' dir='ltr' id='par_1_10' title="bbox 125 3215 1327 3520">
     <span class='ocr_line' id='line_1_27' title="bbox 125 3215 1287 3304; baseline -0.003 -20"><span class='ocrx_word' id='word_1_212' title='bbox 125 3254 127 3258; x_wconf 85' lang='grc'><em>·</em></span> <span class='ocrx_word' id='word_1_213' title='bbox 168 3219 274 3304; x_wconf 90' lang='lat' dir='ltr'><strong>genita</strong></span> <span class='ocrx_word' id='word_1_214' title='bbox 303 3220 437 3304; x_wconf 82' lang='lat' dir='ltr'><strong>proprie,</strong></span> <span class='ocrx_word' id='word_1_215' title='bbox 469 3238 528 3286; x_wconf 92' lang='lat' dir='ltr'><strong>non</strong></span> <span class='ocrx_word' id='word_1_216' title='bbox 559 3219 713 3303; x_wconf 87' lang='lat' dir='ltr'><strong>positione</strong></span> <span class='ocrx_word' id='word_1_217' title='bbox 742 3220 905 3286; x_wconf 88' lang='lat' dir='ltr'><strong>seruitutis</strong></span> <span class='ocrx_word' id='word_1_218' title='bbox 934 3221 1038 3285; x_wconf 87' lang='lat' dir='ltr'><strong>ereata</strong></span> <span class='ocrx_word' id='word_1_219' title='bbox 1063 3238 1099 3284; x_wconf 83' lang='lat' dir='ltr'><strong>er</strong></span> <span class='ocrx_word' id='word_1_220' title='bbox 1121 3215 1228 3296; x_wconf 89' lang='lat' dir='ltr'><strong>nihilo,</strong></span> <span class='ocrx_word' id='word_1_221' title='bbox 1250 3221 1287 3282; x_wconf 87' lang='lat' dir='ltr'><strong>ut</strong></span> 
     </span>
     <span class='ocr_line' id='line_1_28' title="bbox 169 3312 1327 3410; baseline 0.002 -22"><span class='ocrx_word' id='word_1_222' title='bbox 169 3325 261 3393; x_wconf 88' lang='lat' dir='ltr'><strong>homo</strong></span> <span class='ocrx_word' id='word_1_223' title='bbox 294 3326 326 3392; x_wconf 90' lang='lat' dir='ltr'><strong>et</strong></span> <span class='ocrx_word' id='word_1_224' title='bbox 357 3326 495 3410; x_wconf 87' lang='lat' dir='ltr'><strong>augelus.</strong></span> <span class='ocrx_word' id='word_1_225' title='bbox 523 3326 669 3408; x_wconf 62' lang='lat' dir='ltr'><strong>&#39;Ideoque</strong></span> <span class='ocrx_word' id='word_1_226' title='bbox 699 3312 867 3410; x_wconf 86' lang='lat' dir='ltr'><strong>imaginem</strong></span> <span class='ocrx_word' id='word_1_227' title='bbox 898 3315 951 3390; x_wconf 82' lang='lat' dir='ltr'><strong>dei</strong></span> <span class='ocrx_word' id='word_1_228' title='bbox 971 3326 1114 3391; x_wconf 75' lang='lat' dir='ltr'><strong>&#39;animam</strong></span> <span class='ocrx_word' id='word_1_229' title='bbox 1132 3381 1134 3386; x_wconf 94' lang='lat'><em>.</em></span> <span class='ocrx_word' id='word_1_230' title='bbox 1149 3324 1285 3388; x_wconf 78' lang='lat' dir='ltr'><strong>manium</strong></span> <span class='ocrx_word' id='word_1_231' title='bbox 1308 3329 1327 3390; x_wconf 83' lang='lat'><strong>5</strong></span> 
     </span>
     <span class='ocr_line' id='line_1_29' title="bbox 168 3428 1288 3520; baseline -0.005 -23"><span class='ocrx_word' id='word_1_232' title='bbox 168 3450 369 3518; x_wconf 82' lang='lat' dir='ltr'><strong>paganorum,</strong></span> <span class='ocrx_word' id='word_1_233' title='bbox 392 3429 588 3511; x_wconf 84' lang='lat' dir='ltr'><strong>Iudaeorum,</strong></span> <span class='ocrx_word' id='word_1_234' title='bbox 611 3428 836 3520; x_wconf 50' lang='lat' dir='ltr'><strong>hereticorum»,¹</strong></span> <span class='ocrx_word' id='word_1_235' title='bbox 858 3434 890 3497; x_wconf 93' lang='lat' dir='ltr'><strong>et</strong></span> <span class='ocrx_word' id='word_1_236' title='bbox 921 3431 1059 3497; x_wconf 90' lang='lat' dir='ltr'><strong>omnium</strong></span> <span class='ocrx_word' id='word_1_237' title='bbox 1087 3429 1288 3502; x_wconf 56' lang='lat' dir='ltr'><strong>&lt;dominorum</strong></span> 
     </span>
    </p>
   </div>
   <div class='ocr_carea' id='block_1_6' title="bbox 257 3620 713 3678">
    <p class='ocr_par' dir='ltr' id='par_1_11' title="bbox 257 3620 713 3678">
     <span class='ocr_line' id='line_1_30' title="bbox 257 3620 713 3678; baseline -0.007 -1"><span class='ocrx_word' id='word_1_238' title='bbox 257 3623 295 3678; x_wconf 90' lang='lat'><strong>10</strong></span> <span class='ocrx_word' id='word_1_239' title='bbox 312 3621 377 3677; x_wconf 79' lang='lat' dir='ltr'><strong>Gen.</strong></span> <span class='ocrx_word' id='word_1_240' title='bbox 396 3620 461 3678; x_wconf 82' lang='lat'><strong>126</strong></span> <span class='ocrx_word' id='word_1_241' title='bbox 513 3621 647 3678; x_wconf 68' lang='lat' dir='ltr'><strong>21Hebr.</strong></span> <span class='ocrx_word' id='word_1_242' title='bbox 665 3621 679 3675; x_wconf 97' lang='lat' dir='ltr'>I</span> <span class='ocrx_word' id='word_1_243' title='bbox 697 3621 713 3674; x_wconf 83' lang='lat'><strong>3</strong></span> 
     </span>
    </p>
   </div>
   <div class='ocr_carea' id='block_1_7' title="bbox 169 3731 1287 4242">
    <p class='ocr_par' dir='ltr' id='par_1_12' title="bbox 169 3731 1287 4242">
     <span class='ocr_line' id='line_1_31' title="bbox 205 3731 1286 3808; baseline -0.006 -17"><span class='ocrx_word' id='word_1_244' title='bbox 205 3736 331 3808; x_wconf 74' lang='lat' dir='ltr'><strong>llittere</strong></span> <span class='ocrx_word' id='word_1_245' title='bbox 349 3731 447 3790; x_wconf 84' lang='lat' dir='ltr'><strong>iamA</strong></span> <span class='ocrx_word' id='word_1_246' title='bbox 517 3736 681 3795; x_wconf 80' lang='lat' dir='ltr'><strong>2seienttae</strong></span> <span class='ocrx_word' id='word_1_247' title='bbox 698 3736 725 3790; x_wconf 92' lang='lat' dir='ltr'><strong><em>A</em></strong></span> <span class='ocrx_word' id='word_1_248' title='bbox 795 3733 1017 3792; x_wconf 74' lang='lat' dir='ltr'><strong>deriuatorisA</strong></span> <span class='ocrx_word' id='word_1_249' title='bbox 1079 3732 1243 3803; x_wconf 64' lang='lat' dir='ltr'><strong>ascriptum</strong></span> <span class='ocrx_word' id='word_1_250' title='bbox 1259 3732 1286 3784; x_wconf 91' lang='lat' dir='ltr'><em>B</em></span> 
     </span>
     <span class='ocr_line' id='line_1_32' title="bbox 171 3813 1286 3894; baseline -0.005 -13"><span class='ocrx_word' id='word_1_251' title='bbox 171 3827 209 3882; x_wconf 90' lang='grc'><strong>14</strong></span> <span class='ocrx_word' id='word_1_252' title='bbox 234 3825 347 3894; x_wconf 85' lang='lat' dir='ltr'><strong>gratiam</strong></span> <span class='ocrx_word' id='word_1_253' title='bbox 364 3823 402 3879; x_wconf 76' lang='grc' dir='ltr'><strong>Α1</strong></span> <span class='ocrx_word' id='word_1_254' title='bbox 492 3829 525 3884; x_wconf 87' lang='lat'><strong>16</strong></span> <span class='ocrx_word' id='word_1_255' title='bbox 550 3829 640 3879; x_wconf 90' lang='lat' dir='ltr'><strong>autem</strong></span> <span class='ocrx_word' id='word_1_256' title='bbox 661 3825 690 3878; x_wconf 89' lang='lat' dir='ltr'><strong>in</strong></span> <span class='ocrx_word' id='word_1_257' title='bbox 711 3823 764 3879; x_wconf 87' lang='lat' dir='ltr'><strong>fide</strong></span> <span class='ocrx_word' id='word_1_258' title='bbox 787 3827 814 3878; x_wconf 89' lang='lat' dir='ltr'><strong>et</strong></span> <span class='ocrx_word' id='word_1_259' title='bbox 836 3824 893 3878; x_wconf 83' lang='lat' dir='ltr'><strong>u&#39;ita</strong></span> <span class='ocrx_word' id='word_1_260' title='bbox 913 3819 965 3877; x_wconf 82' lang='lat' dir='ltr'><strong>nie&#39;i</strong></span> <span class='ocrx_word' id='word_1_261' title='bbox 983 3815 1011 3876; x_wconf 87' lang='grc' dir='ltr'><strong><em>Β</em></strong></span> <span class='ocrx_word' id='word_1_262' title='bbox 1027 3822 1055 3876; x_wconf 92' lang='lat' dir='ltr'><strong>in</strong></span> <span class='ocrx_word' id='word_1_263' title='bbox 1073 3821 1125 3879; x_wconf 89' lang='lat' dir='ltr'><strong>flde</strong></span> <span class='ocrx_word' id='word_1_264' title='bbox 1142 3813 1201 3879; x_wconf 71' lang='lat' dir='ltr'><strong>uita</strong></span> <span class='ocrx_word' id='word_1_265' title='bbox 1218 3821 1242 3875; x_wconf 90' lang='lat' dir='ltr'><strong>si</strong></span> <span class='ocrx_word' id='word_1_266' title='bbox 1258 3821 1286 3875; x_wconf 98' lang='lat' dir='ltr'><strong><em>A</em></strong></span> 
     </span>
     <span class='ocr_line' id='line_1_33' title="bbox 170 3909 1286 3984; baseline -0.005 -16"><span class='ocrx_word' id='word_1_267' title='bbox 170 3914 205 3968; x_wconf 89' lang='lat'><strong>18</strong></span> <span class='ocrx_word' id='word_1_268' title='bbox 222 3913 282 3984; x_wconf 87' lang='lat' dir='ltr'><strong>plus</strong></span> <span class='ocrx_word' id='word_1_269' title='bbox 301 3909 425 3968; x_wconf 83' lang='lat' dir='ltr'><strong>aestimat</strong></span> <span class='ocrx_word' id='word_1_270' title='bbox 441 3914 469 3966; x_wconf 90' lang='grc' dir='ltr'><strong><em>Β</em></strong></span> <span class='ocrx_word' id='word_1_271' title='bbox 486 3913 581 3983; x_wconf 75' lang='lat' dir='ltr'><strong>paladii</strong></span> <span class='ocrx_word' id='word_1_272' title='bbox 599 3917 627 3980; x_wconf 88' lang='lat' dir='ltr'><strong>(a</strong></span> <span class='ocrx_word' id='word_1_273' title='bbox 645 3915 736 3975; x_wconf 65' lang='lat' dir='ltr'><strong>moso)</strong></span> <span class='ocrx_word' id='word_1_274' title='bbox 755 3913 863 3971; x_wconf 87' lang='lat' dir='ltr'><strong>estimat</strong></span> <span class='ocrx_word' id='word_1_275' title='bbox 875 3912 902 3965; x_wconf 89' lang='lat' dir='ltr'><strong><em>A</em></strong></span> <span class='ocrx_word' id='word_1_276' title='bbox 953 3912 990 3968; x_wconf 80' lang='grc'><strong>20</strong></span> <span class='ocrx_word' id='word_1_277' title='bbox 1007 3910 1141 3967; x_wconf 85' lang='lat' dir='ltr'><strong>inuenitur</strong></span> <span class='ocrx_word' id='word_1_278' title='bbox 1158 3910 1247 3963; x_wconf 89' lang='lat' dir='ltr'><strong>anima</strong></span> <span class='ocrx_word' id='word_1_279' title='bbox 1259 3910 1286 3962; x_wconf 91' lang='lat' dir='ltr'><em>B</em></span> 
     </span>
     <span class='ocr_line' id='line_1_34' title="bbox 170 3997 1287 4079; baseline -0.005 -23"><span class='ocrx_word' id='word_1_280' title='bbox 170 4003 257 4061; x_wconf 86' lang='lat' dir='ltr'><strong>anime</strong></span> <span class='ocrx_word' id='word_1_281' title='bbox 275 4006 302 4058; x_wconf 87' lang='lat' dir='ltr'><strong><em>A</em></strong></span> <span class='ocrx_word' id='word_1_282' title='bbox 354 4004 510 4079; x_wconf 70' lang='lat' dir='ltr'><strong>asporta</strong></span> <span class='ocrx_word' id='word_1_283' title='bbox 562 4003 597 4058; x_wconf 78' lang='grc'><strong>23</strong></span> <span class='ocrx_word' id='word_1_284' title='bbox 613 4005 676 4072; x_wconf 89' lang='lat' dir='ltr'><strong>poet</strong></span> <span class='ocrx_word' id='word_1_285' title='bbox 693 4002 720 4055; x_wconf 90' lang='lat' dir='ltr'><strong><em>A</em></strong></span> <span class='ocrx_word' id='word_1_286' title='bbox 776 4003 815 4059; x_wconf 75' lang='lat'><strong>24</strong></span> <span class='ocrx_word' id='word_1_287' title='bbox 832 3999 880 4055; x_wconf 90' lang='lat' dir='ltr'><strong>dei</strong></span> <span class='ocrx_word' id='word_1_288' title='bbox 892 4016 935 4056; x_wconf 83' lang='lat' dir='ltr'><strong>om</strong></span> <span class='ocrx_word' id='word_1_289' title='bbox 948 4000 980 4053; x_wconf 85' lang='lat' dir='ltr'><strong><em>A</em></strong></span> <span class='ocrx_word' id='word_1_290' title='bbox 1047 4001 1083 4056; x_wconf 79' lang='lat'><strong>25</strong></span> <span class='ocrx_word' id='word_1_291' title='bbox 1099 3997 1241 4052; x_wconf 81' lang='lat' dir='ltr'><strong>indiscrete</strong></span> <span class='ocrx_word' id='word_1_292' title='bbox 1260 3997 1287 4050; x_wconf 90' lang='lat' dir='ltr'><strong><em>A</em></strong></span> 
     </span>
     <span class='ocr_line' id='line_1_35' title="bbox 169 4087 1286 4164; baseline -0.007 -16"><span class='ocrx_word' id='word_1_293' title='bbox 169 4095 204 4148; x_wconf 86' lang='grc'><strong>26</strong></span> <span class='ocrx_word' id='word_1_294' title='bbox 230 4097 317 4164; x_wconf 71' lang='lat' dir='ltr'><strong>create</strong></span> <span class='ocrx_word' id='word_1_295' title='bbox 335 4095 362 4146; x_wconf 90' lang='lat' dir='ltr'><strong><em>A</em></strong></span> <span class='ocrx_word' id='word_1_296' title='bbox 449 4095 484 4151; x_wconf 79' lang='grc'><strong>27</strong></span> <span class='ocrx_word' id='word_1_297' title='bbox 506 4092 558 4162; x_wconf 80' lang='lat' dir='ltr'><strong>deo]</strong></span> <span class='ocrx_word' id='word_1_298' title='bbox 578 4091 665 4146; x_wconf 90' lang='lat' dir='ltr'><strong>idest</strong></span> <span class='ocrx_word' id='word_1_299' title='bbox 758 4091 845 4145; x_wconf 90' lang='lat' dir='ltr'><strong>anima</strong></span> <span class='ocrx_word' id='word_1_300' title='bbox 863 4090 911 4143; x_wconf 77' lang='lat' dir='ltr'><strong><em>A</em></strong></span> <span class='ocrx_word' id='word_1_301' title='bbox 1004 4089 1131 4157; x_wconf 80' lang='lat' dir='ltr'><strong>omnium]</strong></span> <span class='ocrx_word' id='word_1_302' title='bbox 1149 4087 1286 4142; x_wconf 88' lang='lat' dir='ltr'><strong>hominum</strong></span> 
     </span>
     <span class='ocr_line' id='line_1_36' title="bbox 169 4178 856 4242; baseline -0.006 -6"><span class='ocrx_word' id='word_1_303' title='bbox 169 4183 204 4236; x_wconf 76' lang='lat'><strong>28</strong></span> <span class='ocrx_word' id='word_1_304' title='bbox 224 4180 389 4242; x_wconf 51' lang='lat' dir='ltr'><strong>dominum&gt;</strong></span> <span class='ocrx_word' id='word_1_305' title='bbox 402 4178 501 4235; x_wconf 74' lang='lat' dir='ltr'><strong>addidi</strong></span> <span class='ocrx_word' id='word_1_306' title='bbox 855 4178 856 4182; x_wconf 68' lang='grc'>’</span> 
     </span>
    </p>
   </div>
   <div class='ocr_carea' id='block_1_8' title="bbox 0 0 1434 4620">
    <p class='ocr_par' dir='ltr' id='par_1_13' title="bbox 0 0 1434 4620">
     <span class='ocr_line' id='line_1_37' title="bbox 0 0 1434 4620; baseline 0 5"><span class='ocrx_word' id='word_1_307' title='bbox 0 0 1434 4620; x_wconf 95' lang='lat' dir='ltr'><strong> </strong></span> 
     </span>
    </p>
   </div>
  </div>
 </body>
</html>
