2866 4614
662 273 854 332 mmm
1260 278 1397 343 m*

209 465 258 532 fide
290 468 323 532 in
360 467 453 533 fidem
485 468 693 550 procedimus,
726 473 757 535 et
789 489 807 534 a
838 467 1003 554 glonialad
1035 469 1165 553 gloriam
1200 469 1323 552 prodire

208 591 409 655 properamus
440 573 514 640 Ideo
539 576 583 639 ait
605 575 688 658 ipse:
716 575 862 640 Primus
889 576 998 640 homo
1025 575 1067 640 de
1090 578 1192 640 terra
1215 579 1325 640 terre·
1346 575 1368 639 4

208 697 274 756 nus,
306 680 494 746 secundus
526 681 635 746 homo
668 681 709 746 de
742 682 846 747 caelo
880 681 1071 759 caelestis,
1102 685 1140 746 nt
1162 683 1193 748 et
1214 682 1325 746 natura

207 803 257 850 non
276 786 379 852 insons
403 785 520 852 Christi
542 787 679 852 muneris
701 787 879 853 inueniatur
897 793 998 861 (aut)
1016 787 1115 851 aliena
1137 787 1273 869 penitus,
1290 786 1324 852 id

184 893 250 956 aest
268 911 324 957 nec
348 892 593 971 catechuminus,
618 897 650 958 et
671 893 749 958 fides
773 897 867 975 atque
896 893 1037 959 doctrina
1065 893 1267 975 studiumque
1293 896 1325 957 et

207 995 264 1061 nita
287 998 447 1080 praeclara
473 999 505 1062 in
532 1018 703 1082 paucorum
725 999 863 1064 fidelium
890 1003 922 1065 et
944 1000 1137 1083 cupientium
1161 999 1324 1065 uoluntate

208 1099 411 1169 dinosceretur
435 1104 614 1180 exuberans,
644 1105 765 1170 dicente
793 1104 932 1171 domino:
963 1106 1126 1171 Habenti
1158 1104 1321 1180 dabitur,

208 1210 238 1269 et
268 1209 353 1292 plus
391 1211 423 1281 ei
460 1211 660 1276 adicietur:
702 1231 771 1276 non
807 1211 959 1277 habenti
996 1214 1118 1276 autem
1155 1214 1191 1276 et
1227 1210 1322 1294 quod

206 1307 331 1380 habere
363 1315 514 1382 uidetur
545 1317 737 1384 auferetur
769 1318 810 1382 ab
843 1336 894 1383 eo.
918 1315 1016 1396 Quod
1038 1316 1153 1382 Iudaeo
1177 1315 1320 1400 contigit,

170 1432 192 1474 ro
207 1417 234 1478 et
252 1419 319 1486 aliis
343 1420 453 1486 itidem
474 1423 630 1506 plurimis.

703 1583 816 1649 CXXV

235 1734 297 1806 Est
326 1740 446 1806 heresis
473 1761 553 1824 qnae
579 1761 652 1807 cum
676 1741 764 1808 audlt
784 1742 816 1805 in
840 1741 987 1807 Zacharia
1008 1741 1159 1823 propheta
1181 1740 1219 1805 de
1241 1740 1320 1804 funi·
1339 1743 1427 1802 culn

199 1840 266 1908 tulo
290 1847 522 1931 agrimensorio,
546 1848 585 1913 de
608 1867 669 1931 qno
694 1852 726 1912 et
747 1847 850 1912 Dauid
872 1847 1024 1930 propheta
1045 1848 1156 1911 heatus
1176 1845 1320 1925 edixerat,

195 1951 280 2020 qnod
317 1949 446 2038 angelus
483 1963 591 2019 tenens
626 1954 693 2018 ibat
726 1972 904 2018 mensurare
935 1952 1143 2030 Hierusalem,
1175 1953 1322 2018 aestimat

153 2060 176 2102 a
191 2059 367 2124 secundum
397 2059 534 2125 litteram
565 2060 611 2125 ita
641 2044 756 2125 dhisse
788 2059 985 2141 scripturam,
1017 2077 1089 2123 cum
1120 2078 1180 2122 nnn
1209 2058 1320 2122 Hieru-

188 2155 293 2230 ⁸³lem
323 2165 438 2244 metiri,
472 2185 550 2248 quae
580 2165 662 2232 tradi
694 2164 826 2232 debebat
857 2165 1012 2241 hostibus,
1045 2163 1100 2229 sed
1127 2162 1319 2228 credentium

185 2268 279 2336 reete
314 2276 408 2354 utque
444 2289 615 2355 paucorum
653 2271 861 2353 perfectoram
892 2269 1001 2335 electio
1033 2268 1235 2333 nuntiabatur
1264 2287 1320 2353 pen·

184 2377 340 2452 angelum
374 2376 530 2459 adfutura,
566 2380 603 2440 ιιι
639 2376 757 2441 dictum
794 2379 856 2440 est:
892 2374 1005 2440 Multi
1040 2374 1176 2449 uocati,
1210 2373 1319 2456 pauci

181 2475 317 2547 autem
354 2483 478 2548 alecti.
515 2482 713 2549 Hierusalem
749 2501 821 2566 ergo
859 2482 891 2545 in
926 2481 1066 2546 funiculo
1099 2479 1362 2564 agrimensoni'o2

142 2588 164 2632 ²⁰
181 2588 442 2667 mensurabatur,
478 2588 511 2652 id
546 2591 595 2652 est
635 2591 667 2652 et
694 2591 764 2653 ante
801 2587 857 2652 sub
893 2587 1013 2670 paucis,
1051 2588 1083 2650 et
1116 2588 1190 2669 post
1225 2585 1318 2649 fidem

179 2674 312 2758 Christi
341 2713 514 2778 paucorum
547 2694 718 2759 catholicae
745 2693 818 2758 fidei
844 2692 999 2776 gignenda
1027 2691 1137 2756 electio
1164 2691 1319 2774 praedica·

176 2779 287 2862 betur
307 2801 339 2864 in
360 2795 499 2867 ‘saecun
528 2799 619 2881 Quod
642 2802 674 2864 et
700 2801 861 2883 apostolus
889 2798 947 2863 ait:
981 2795 1137 2880 Oportet
1167 2797 1318 2862 hereses

174 2903 287 2984 ⁰⁸80,
324 2910 365 2971 ut
403 2905 554 2989 probati
596 2905 891 2970 manifestentur.
906 2903 916 2974 l
930 2900 1011 2984 Quia
1047 2921 1120 2987 ergo
1160 2895 1318 2966 funiculus

171 2988 399 3077 hereditarius
427 3011 543 3095 triplici
558 3011 687 3075 ‘uirtute
716 3029 849 3076 conexus
877 3011 936 3090 est,
962 3009 995 3072 id
1018 3011 1068 3075 est
1089 3008 1185 3091 patris
1210 3010 1241 3072 et
1262 3006 1319 3070 filii

128 3114 154 3156 '⁶
170 3099 198 3161 et
250 3117 387 3200 spiritus
419 3116 529 3194 sancti,
561 3116 638 3182 haee
671 3101 857 3194 coniunctio,
890 3133 962 3179 cum
992 3113 1024 3178 in
1055 3133 1118 3177 una
1149 3113 1318 3194 eademque

280 3301 1319 3364 amfflw·wmmmmmmmm

166 3371 494 3464 lwmmm
581 3392 970 3451 mmmmm
1051 3389 1318 3455 mmmm

162 3457 1143 3540 ffiuuwmmemmmmm·

197 3607 234 3665 4
270 3637 341 3677 exors
354 3622 382 3677 Β
446 3628 526 3684 (aut)
540 3622 639 3676 addidi
690 3621 968 3679 bne'cathecuminus
983 3619 1008 3678 A
1022 3636 1072 3673 nec
1085 3619 1278 3673 cathecuminis
1291 3619 1320 3672 B

199 3689 283 3762 fide
299 3713 327 3767 A
396 3714 463 3768 tet
481 3712 627 3765 exuberans
645 3713 672 3763 A
742 3711 882 3784 thabere
900 3710 928 3763 Β
944 3710 1025 3765 hahet
1045 3710 1088 3763 A,
1156 3707 1275 3761 aufertur
1292 3708 1319 3759 B

167 3776 205 3831 ¹3
235 3800 378 3869 propheta
396 3815 439 3852 cm
456 3799 483 3852 Β
547 3800 589 3868 15
607 3799 764 3853 scribturam
782 3799 809 3851 Β
881 3799 916 3853 16
932 3797 1002 3851 tradi
1023 3796 1138 3850 debebat
1154 3794 1317 3864 sichardus]

168 3865 270 3936 mili
284 3884 407 3954 habebat
418 3887 446 3940 Β
463 3887 589 3941 trahebat
606 3889 634 3942 A
717 3885 887 3940 credentibus
904 3886 933 3939 Α
999 3887 1033 3942 17
1051 3884 1240 3954 perfectorum]
1258 3899 1319 3952 per

173 3952 270 4021 sate
354 3976 450 4030 electio
472 3975 618 4044 deuterus]
638 3975 719 4029 lectio
792 3975 828 4031 18
845 3974 960 4028 affutura
978 3974 1003 4026 B
1075 3974 1111 4028 19
1128 3975 1219 4027 antem
1237 3989 1280 4026 cm
1293 3971 1321 4023 Β

177 4041 218 4096 2⁰
246 4060 396 4117 etentes
414 4065 517 4117 anteA
570 4063 605 4119 21
625 4061 760 4133 gignenda
778 4063 859 4116 lectio
878 4064 904 4114 A
958 4062 994 4116 22
1012 4064 1040 4115 ct
1057 4077 1100 4115 om
1116 4063 1142 4113 A
1195 4060 1321 4131 caparra

187 4131 216 4184 Α
279 4149 310 4205 bb
327 4150 465 4220 eaudemq;
485 4154 511 4204 A
