2880 4620
606 271 659 328 CX·
1152 273 1192 336 73

86 469 141 532 sine
161 469 267 534 labore
289 468 392 551 possis
416 486 601 552 cognoscere
624 466 661 530 ab
684 466 748 531 iliis
771 465 872 530 beatis
895 464 1048 548 prioribus
1067 466 1099 528 et
1116 464 1193 527 anti·

85 575 145 656 puis
163 611 208 644 ss·
225 575 314 640 nobis
339 573 432 638 etiam
451 577 559 656 postea
577 572 635 637 hoe
653 571 752 636 fuisse
770 571 1002 634 manifestatum
1022 589 1039 634 a
1057 569 1191 635 demine.

84 680 154 746 Cum
190 680 271 745 enim
309 679 384 744 dicit
420 678 585 761 scriptura:
622 677 735 742 Pluit
770 675 952 740 dominus
985 695 1003 739 a
1035 674 1235 739 domin03

82 805 194 870 super
221 785 389 851 Sodoma
420 787 458 848 et
485 782 675 848 Gomorra
703 782 872 865 sulphur·
895 784 933 844 et
954 781 1094 864 ignem,
1118 779 1192 862 quid

56 891 119 955 eibi
149 891 274 956 uidetur
305 889 465 955 nuntiare?
497 908 595 955 nonne
623 888 715 953 deum
742 891 860 971 patrem
886 905 941 968 per
966 885 1066 949 filiurn
1089 905 1191 962 suum,

78 996 107 1060 11
136 1009 186 1062 est
212 996 371 1062 Christum
403 996 495 1060 deum
527 998 639 1060 cuneta
669 994 758 1079 sigua
789 997 821 1058 et
846 992 1000 1057 mirabilia
1026 992 1192 1075 perfecisse

76 1103 262 1169 declarauit?
286 1100 376 1180 Quod
399 1102 500 1167 sciens
523 1101 624 1166 Dauid
648 1100 807 1165 domiuum
830 1103 951 1180 patrem
975 1103 1007 1163 et
1033 1097 1191 1162 domiuum

77 1207 243 1287 Christum,
265 1208 298 1273 id
322 1212 370 1272 est
396 1206 526 1272 uerbum
553 1207 631 1285 eius,
663 1209 695 1271 et
727 1208 868 1270 sanetum
900 1204 1043 1287 spiritum
1078 1215 1192 1274 <cum>

74 1311 444 1400 nuntiabatttrinitatem
467 1312 592 1395 quidem
614 1330 825 1394 personarum,
849 1310 942 1374 unius
970 1313 1072 1374 tamen
1099 1309 1192 1373 maie-

36 1419 164 1487 rostatis
192 1422 224 1484 et
250 1418 442 1483 substantiae
469 1438 505 1483 ac
532 1417 706 1482 diuinitatis
734 1417 895 1499 aequalem
923 1416 1094 1498 potentiam
1117 1434 1192 1479 uun·

72 1525 179 1591 tiabat.
218 1525 332 1589 Tamen
363 1523 463 1588 filiurn
495 1523 532 1587 de
566 1523 622 1588 deo
644 1525 741 1605 patre
773 1540 848 1596 essa
868 1521 968 1604 priore
996 1525 1028 1585 et
1050 1524 1192 1586 sanctum
1216 1522 1236 1586 4

72 1630 218 1713 spiritum
257 1630 379 1713 proprie
420 1629 647 1695 demonstrauit
687 1628 832 1693 edocens:
874 1627 999 1692 Verbo
1045 1627 1191 1692 domini

72 1736 178 1800 caeli
216 1735 371 1800 firmati
412 1739 514 1814 sunt,
556 1737 595 1799 et
634 1735 786 1818 spiritu
826 1734 906 1799 oris
944 1733 1029 1799 eius
1067 1734 1191 1799 omnis

70 1841 205 1907 uirtus
229 1861 378 1918 eorum3
404 1843 566 1907 etiterum
585 1842 674 1907 alibi:
697 1841 809 1906 Dixit
831 1841 1016 1906 dominus
1036 1841 1191 1907 domino

25 1976 51 2018 rs
70 1966 164 2012 mco.
196 1948 237 2012 bit
264 1967 370 2014 omnes
397 1950 564 2032 prophetae
592 1947 629 2012 de
653 1948 748 2012 uerbo
772 1950 804 2012 et
825 1946 937 2028 spiritu
960 1947 1190 2021 nuntiaremus,

69 2053 187 2136 ubique
200 2053 246 2118 ita
260 2053 413 2120 dieentes:
436 2056 482 2119 ut
505 2055 643 2119 factum
663 2056 721 2118 est
738 2053 889 2118 uerbum
908 2052 1047 2118 domini
1066 2052 1109 2117 ad
1126 2072 1191 2129 me,

71 2163 118 2224 et:
142 2159 333 2243 Spiritus,
356 2161 468 2243 inquit,
498 2161 646 2226 domini
673 2160 754 2224 fuit
784 2159 829 2222 ad
861 2178 926 2223 me.
957 2159 1039 2243 Ergo
1062 2177 1122 2223 uon
1145 2161 1194 2223 est
1216 2159 1235 2220 5

69 2265 143 2330 fidei
166 2285 260 2330 causa
281 2266 462 2349 temporalis
482 2265 710 2343 christianitas,
735 2264 790 2329 sed
812 2268 882 2329 ante
900 2264 1032 2329 Iudaeos
1052 2267 1083 2328 et
1101 2282 1192 2348 paga-

68 2390 126 2436 nos
148 2370 181 2435 in
203 2371 273 2455 lege
297 2371 421 2455 quidem
446 2370 643 2436 studentibus
671 2375 703 2436 et
729 2370 946 2453 quaerentibus
975 2372 1040 2434 erat
1066 2371 1192 2434 manife-

21 2503 49 2542 so
69 2480 167 2541 stata:
190 2495 249 2542 non
273 2471 377 2542 autem
401 2476 594 2561 capientibus
604 2474 613 2544 t
622 2477 674 2540 uix
695 2477 793 2558 patris
817 2475 1039 2559 omnipotentis
1062 2476 1193 2541 seientia

71 2582 272 2647 nuntiabatur
294 2602 312 2646 a
335 2584 451 2648 sanctis
474 2583 538 2648 illis
562 2583 740 2648 doctoribus
764 2584 797 2646 et
818 2582 974 2665 perfectis.

115 2687 189 2752 Vita
212 2688 305 2754 etiam
329 2708 389 2753 uon
412 2688 474 2752 alia
496 2688 613 2771 priores
636 2688 684 2752 illi
707 2687 807 2753 sancti
830 2687 890 2752 nisi
913 2687 983 2764 hoc,
1005 2687 1036 2751 in
1057 2704 1117 2769 qua
1134 2706 1190 2752 nos

72 2792 221 2870 uiuimus,
253 2793 429 2859 utebantur.
468 2794 573 2876 Usque
605 2794 644 2859 ad
675 2794 829 2859 Abraham
863 2793 943 2857 enim
976 2793 1234 2858 beatissimumb

18 2977 21 2985 Ι
73 2918 132 2964 non
164 2898 429 2964 circumcisionem
461 2898 622 2979 habentes,
655 2919 714 2965 non
742 2899 903 2964 sacrificiis
932 2898 1102 2983 gaudentes
1135 2899 1191 2965 deo

23 3031 51 3072 re
72 3003 245 3086 placebant,
270 3008 301 3069 et
322 3004 398 3069 iusti
419 3005 449 3068 iu
474 3005 618 3070 omnibus
642 3005 679 3069 ab
699 3003 984 3070 annuntiabantur.
1007 3003 1093 3068 Dixit
1110 3005 1192 3068 enim

72 3111 186 3176 Dauid:
212 3110 468 3176 Sacrificium
498 3112 567 3176 deo
596 3130 657 3176 cor
684 3110 1018 3186 contribulatum
1051 3114 1097 3175 et:
1128 3111 1193 3174 Im-

71 3219 172 3282 mola
195 3199 265 3282 deo
290 3217 543 3282 sacrificium
566 3216 708 3282 laudis.
732 3217 771 3281 ut
794 3216 877 3298 quod
899 3218 1086 3283 necessitate
1108 3214 1194 3281 indo-

156 3424 257 3481 3Geu.
276 3423 338 3477 XIX
354 3424 388 3477 24
442 3427 474 3480 12
492 3423 735 3478 Psalmxxxlib
789 3427 824 3480 14
842 3423 940 3477 Psalm.
956 3421 1043 3478 clxl
1098 3425 1132 3479 16
1149 3421 1193 3474 Eo.

72 3512 244 3566 xxxvme
299 3515 331 3568 17
349 3512 393 3569 Es.
412 3511 472 3565 LXI
491 3513 504 3566 l
525 3512 618 3566 Enoch.
637 3512 704 3568 xie
756 3516 791 3569 26
808 3512 942 3566 PsalmL
959 3512 992 3566 19
1062 3509 1146 3572 XLIX
1162 3511 1194 3574 14

107 3638 121 3691 1
138 3635 229 3690 labore
241 3637 280 3688 A¹
351 3635 437 3706 possit
450 3637 477 3688 A
530 3638 547 3691 2
565 3635 694 3689 eccidisse
711 3634 897 3704 sacopenio
916 3639 1031 3704 apparet
1043 3634 1193 3690 salutante

69 3723 228 3786 nuntiatam,
246 3724 274 3776 in
294 3722 433 3792 scripturis
452 3723 512 3776 alia
582 3723 633 3777 hoe
651 3726 745 3792 postca
762 3723 789 3776 Β
858 3722 1057 3778 manifestatam
1110 3711 1194 3777 fdus

69 3811 96 3864 Β
115 3799 164 3865 dns
184 3811 226 3878 (ire
237 3811 297 3881 fine
314 3817 420 3876 emaus)
440 3800 488 3864 dns
506 3812 533 3863 A
593 3814 754 3881 4gomurra
772 3813 799 3864 A
869 3812 954 3866 sulfur
971 3814 998 3865 A
1063 3807 1150 3868 otibi
1168 3809 1195 3864 B

67 3901 85 3954 8
102 3906 192 3960 <cum
211 3898 310 3953 addidi
386 3902 418 3957 ll
436 3902 540 3969 patrem
558 3897 596 3951 Δ(
675 3899 762 3969 priore
781 3903 809 3952 et
827 3904 946 3953 sanctum
966 3900 1088 3969 spiritum
1107 3915 1150 3953 om
1166 3898 1194 3951 A

71 3987 104 4042 18
123 4001 227 4040 causam
246 3987 272 4038 A
291 3990 328 4052 (nr
347 3987 378 4040 in
395 3993 453 4054 ras)
538 3986 700 4042 cristianitas
718 3987 745 4041 A
763 3987 918 4056 xpiauitatis
936 3987 963 4040 Β
1032 3989 1068 4043 20
1086 3986 1195 4056 cupien-

67 4073 142 4128 tibus
160 4075 187 4128 B
258 4091 309 4128 uox
327 4074 479 4130 Stobordus
549 4075 794 4146 omnipotentisque
813 4073 964 4129 sichardus
1039 4075 1151 4128 scientis
1167 4073 1195 4127 Β

68 4164 102 4218 22
119 4161 169 4216 hac
187 4161 349 4232 Sicborztus]
368 4162 438 4216 hanc
506 4163 535 4215 in
554 4178 633 4231 qaam
651 4162 678 4216 A
