2866 4614
621 299 709 354 mnv.
1160 307 1222 373 ιιι

90 493 204 577 aooipi
242 492 377 576 primum
417 491 565 571 mandati,
606 490 715 557 deinde
750 491 830 577 legis
866 492 897 557 in
932 490 1036 562 medio
1072 499 1221 580 tempore,

92 597 214 669 deinde
233 597 312 671 (do)
332 596 432 683 gratia
455 597 630 672 saluatoris,
648 597 796 663 utilitatis
819 617 879 664 non
898 617 1013 682 paruae
1034 603 1097 678 est3
1121 601 1222 667 antei

93 704 140 771 de
172 703 245 782 tide,
277 723 332 788 spe
363 706 456 787 atque
488 703 625 783 eadum,
657 706 694 768 ut
725 702 802 768 dixit
822 705 933 770 beatus
957 707 1129 794 apostolus,
1152 707 1221 790 quis

94 810 186 877 uelit
207 808 354 892 sonipere,
378 817 410 874 et
431 809 462 874 in
485 809 544 875 boo
567 827 626 877 non
653 810 742 892 parui
763 813 817 876 'est
841 809 1020 877 intellectus
1047 812 1223 896 prudentio-

58 916 193 983 sribus
217 934 252 982 so
276 915 428 999 spiritalia
450 914 697 981 desiderantibus
720 915 873 999 plurimis.

602 1140 729 1208 CXXVI

150 1300 231 1368 Sunt
261 1301 387 1385 quidam
417 1300 546 1366 beretioi
577 1300 632 1383 qui
659 1301 697 1367 ds
723 1300 816 1367 Helia
840 1301 931 1368 beato
955 1303 1119 1387 opinantur
1140 1305 1224 1388 quod
1241 1298 1323 1380 OLIV

98 1407 135 1473 ei
158 1407 245 1472 sorni
267 1425 335 1474 sero
359 1425 463 1472 earnes
487 1406 526 1472 ad
549 1424 651 1472 esoam
674 1410 707 1473 ot
727 1425 817 1473 mane
840 1425 933 1490 panes
957 1408 1136 1488 adtulerint,
1162 1429 1222 1477 non

97 1511 306 1578 adtendentes
343 1511 425 1596 qnod
461 1514 574 1578 ounote
609 1515 736 1578 sanetus
771 1531 807 1579 ao
842 1513 1044 1580 beatissimus
1073 1517 1225 1600 propheta

48 1641 80 1681 ιο
98 1636 166 1684 non
198 1636 304 1683 earnes
335 1618 449 1683 edebat
479 1613 654 1701 aliquando,
682 1618 735 1702 qui
762 1635 886 1684 omnem
911 1620 1006 1685 talem
1028 1638 1131 1696 eseam
1154 1640 1224 1688 oon·

98 1726 277 1806 tempserat
297 1723 478 1790 abstinendo
502 1724 688 1800 uoluntates
708 1723 798 1791 ouius
824 1727 857 1790 et
883 1743 977 1791 eausa
998 1729 1101 1792 tantae
1125 1727 1224 1812 digni·

100 1829 183 1896 tatis
205 1842 224 1894 a
245 1829 302 1896 deo
328 1830 475 1897 bonorem
501 1829 617 1895 meruit
643 1829 785 1915 adipisoi,
810 1833 847 1896 ut
872 1830 903 1895 in
930 1833 1108 1914 paradisum
1134 1852 1223 1921 rape·

100 1938 193 2002 retur
214 1935 369 2015 sublimis,
395 1936 451 2002 ubi
478 1955 549 2001 oum
576 1937 692 2002 sanetis
720 1936 865 2003 omnibns
891 1938 1113 2005 conlocaretur.
1144 1932 1267 2005 Nam2

102 2042 137 2109 si
158 2041 197 2108 de
218 2061 296 2126 pane
319 2042 445 2126 quidem
467 2042 578 2126 aliquis
603 2043 721 2121 dixerit,
743 2042 873 2108 rationis
894 2042 1048 2109 interdum
1073 2044 1226 2128 estquod

53 2168 83 2211 ss
104 2148 138 2215 ei
160 2148 246 2214 oorui
269 2148 450 2224 adtulerint3
475 2148 513 2214 de
535 2149 678 2215 oamibus
697 2152 801 2215 antem
819 2149 1023 2235 incongruum
1042 2141 1225 2235 repperitur.

103 2253 189 2321 Nam
210 2254 243 2318 in
267 2254 327 2319 boo
349 2252 516 2319 erudelitas
539 2254 665 2319 beluina
685 2253 845 2319 homiuum
867 2253 1097 2338 insequentium
1113 2255 1226 2321 beatis-

102 2359 221 2427 simum
243 2360 426 2445 prophetam
450 2359 681 2438 ostendebatur,
703 2360 735 2424 in
759 2360 870 2429 auibus
893 2365 1009 2438 autem,
1032 2360 1064 2426 id
1087 2364 1136 2427 est
1162 2380 1226 2428 oor·

101 2467 168 2548 uis,
197 2470 287 2534 tanto
316 2467 522 2533 mansuetudo
551 2470 583 2530 et
603 2466 716 2533 lenitas
738 2468 978 2547 monstrabatur,
1001 2471 1048 2545 ut,
1071 2468 1225 2551 aquibus

103 2573 220 2640 auibus
255 2573 391 2638 bumana
428 2572 532 2637 aberat
567 2572 655 2649 ratio,
692 2573 746 2654 qui
781 2591 839 2638 non
876 2577 963 2638 erant
994 2573 1042 2637 dei
1073 2571 1224 2658 imagines

54 2701 85 2743 so
103 2678 318 2758 rationabiles,
342 2676 396 2743 sed
419 2696 496 2743 aues
519 2677 603 2743 siout
623 2677 772 2761 peraudes
792 2678 954 2744 sensibiles
973 2681 1092 2745 creatae
1110 2679 1225 2745 solum·

102 2783 210 2864 modo,
231 2784 264 2850 in
287 2784 332 2848 eis
356 2786 459 2849 autom
483 2783 606 2861 auibus,
629 2783 668 2849 ad
690 2783 887 2866 obprobrium
909 2784 1081 2862 hominum,
1097 2784 1226 2851 Iudaeo·

103 2909 177 2956 rum
201 2888 346 2975 regisque
373 2908 409 2954 er
435 2890 599 2955 uoluntate
625 2888 763 2973 pessima
782 2888 1011 2971 insequentium
1034 2891 1223 2973 prophetam,

104 2994 223 3081 agnitio
247 2997 279 3060 et
305 3014 454 3061 sensuum
480 2995 592 3060 lenitas
618 2994 714 3060 insita
734 2996 958 3060 monstraretur
977 2995 1010 3061 in
1033 2996 1127 3078 oper'a
1147 2998 1226 3062 tanti

103 3101 282 3178 ministerii,
306 3100 389 3184 quod
410 3101 502 3166 beato
524 3097 846 3184 propbetaeloottidie
867 3099 1112 3181 ministrabatur,
1134 3105 1172 3168 nt
1193 3102 1225 3167 in
1252 3171 1254 3176 ,

55 3207 152 3274 assis
189 3207 301 3272 auibus
335 3205 437 3291 magis
471 3205 662 3272 inueniretur
696 3224 765 3271 esse
795 3205 873 3272 ratio
905 3206 1056 3289 quaedam
1086 3207 1225 3273 lenitatis

104 3314 196 3378 motu
210 3310 344 3394 quodam
359 3330 376 3376 a
390 3310 446 3377 deo
461 3330 609 3377 oonoessa
627 3311 716 3378 uelut
732 3311 934 3377 rationabilis.
950 3311 1032 3377 Nam
1051 3313 1154 3378 omnia
1170 3313 1226 3377 bu·
1249 3304 1269 3370 8

103 3418 243 3512 iusmodi
262 3421 364 3484 ereata
377 3436 395 3482 a
409 3417 532 3485 domino
552 3418 693 3484 subiecta
711 3422 785 3484 suut
801 3418 929 3498 bomini,
947 3422 984 3484 ut
1001 3418 1068 3503 regi
1082 3436 1117 3484 ao
1134 3418 1227 3485 ratio-

105 3524 215 3600 nabili,
247 3522 434 3606 dominoque
465 3523 547 3589 orbis
577 3527 788 3605 (terrorum)
816 3523 1029 3589 uniuersitatis
1060 3524 1224 3607 pecudum,

196 3709 459 3770 alternum
512 3712 801 3783 omnemne
855 3711 1077 3784 121v1teg.11
1097 3714 1127 3767 11

142 3836 161 3892 1
189 3835 290 3906 pimum
307 3835 346 3889 B¹
432 3837 450 3892 2
479 3835 544 3890 (ἀι)
555 3835 655 3890 addidi
740 3837 839 3907 trop.
860 3834 928 3890 OM
931 3835 956 3888 V
970 3836 1045 3891 solua
1061 3834 1092 3890 Α.
1105 3835 1229 3890 amauit

105 3926 147 3984 10
165 3922 284 3980 edebant
346 3925 381 3982 lt
397 3924 566 3994 insequentia
582 3925 610 3979 A
627 3941 667 3978 em
687 3922 815 3980 Ostiam
872 3924 908 3979 18
924 3926 1003 3979 tanta
1061 3923 1227 3981 ithamaro

103 4012 145 4070 Δί
175 4034 178 4039 ·
215 4013 252 4069 Β
268 4010 400 4082 propbeta
464 4012 503 4068 24
519 4010 732 4081 ministrabatur]
750 4009 968 4067 monstrabantur
984 4014 1016 4066 ut
1031 4011 1060 4065 in
1078 4010 1116 4065 eis
1135 4008 1228 4065 auibus

103 4099 330 4157 ministrabantur
399 4100 434 4155 28
450 4099 531 4153 uelud
599 4101 635 4155 28
651 4099 724 4154 orbis
735 4102 899 4161 <tenam>
910 4098 1104 4170 uniuersitatis]
1122 4096 1227 4152 urbium

102 4186 252 4244 uerdhtes
268 4185 297 4241 Δ
313 4184 374 4257 (tis
389 4184 440 4257 ⁴¹²)

132 4308 352 4354 mmmmm.
1176 4289 1193 4343 9
