2858 4620
239 273 279 335 28
418 266 594 323 ulnususul
611 265 839 322 DIVERSARVM
856 266 1046 322 HERESEON
1062 268 1170 322 LIBER

240 480 318 537 esse,
351 465 382 526 et
412 461 536 525 nomina
562 460 714 543 quaedam
742 460 863 525 diuersa
889 460 1051 526 hominum
1079 459 1226 524 adserunt
1253 479 1270 524 a
1296 459 1360 524 lide

240 567 392 631 catholiea
415 566 618 632 dissonantes.

751 741 839 806 XXV

109 903 110 908 ¹
160 890 225 947 LIII
284 882 347 947 Alii
374 886 477 947 antem
500 880 644 946 Noetiani
675 917 703 949 *a
727 879 878 946 insensati
910 880 1072 945 cuiusdam
1103 881 1225 946 nomine
1251 881 1360 959 Nosti,

241 988 294 1071 qui
322 989 443 1052 dioebat
468 991 587 1071 patrem
616 987 857 1070 omnipotentem
888 987 992 1070 ipsum
1027 1006 1096 1052 esse
1121 978 1294 1064 Christum,
1327 989 1362 1051 et
1392 1014 1405 1054 o

241 1093 346 1176 ipsum
372 1101 479 1156 natum
506 1095 537 1157 et
562 1093 665 1174 ipsum
692 1111 820 1176 passum
843 1095 874 1156 et
895 1092 999 1174 ipsum
1022 1089 1304 1160 mortuumlfuisse
1326 1092 1362 1156 in

242 1218 377 1282 corpore.
408 1198 468 1263 Hie
494 1200 588 1263 etiam
615 1199 738 1264 dicebat
756 1218 797 1263 se
819 1199 928 1263 Mosen
955 1217 1034 1278 esse,
1063 1203 1095 1264 et
1115 1199 1242 1264 hatrem
1265 1218 1363 1263 suum

241 1304 365 1370 Heliam
388 1304 578 1388 prophetam.

750 1480 854 1545 XXVI

167 1632 225 1688 LIV
288 1620 442 1686 Satellius
474 1625 546 1704 post
575 1621 682 1696 istum,
715 1619 752 1685 de
779 1620 876 1695 Libia,
906 1620 1078 1704 discipulus
1106 1621 1186 1699 eius,
1214 1620 1364 1686 similItu·
1383 1642 1410 1684 ro

245 1726 347 1791 dinem
379 1727 428 1790 sui
460 1726 594 1792 doctoris
625 1726 734 1790 itidem
762 1728 888 1791 secutus
918 1730 965 1791 est
992 1732 1024 1792 et
1050 1747 1193 1806 errorem,
1221 1727 1302 1791 unde
1332 1730 1367 1792 et

246 1831 412 1898 Sabelliani
446 1836 555 1914 postea
591 1836 664 1897 sunt
699 1832 855 1914 appellati,
896 1833 950 1915 qui
990 1836 1022 1898 et
1056 1833 1287 1916 Patripassiani,
1332 1835 1367 1897 et

244 1938 385 2002 Praxiani
412 1957 430 2000 a
455 1939 571 2002 Praxea
596 1940 628 2002 et
648 1938 852 2023 Hermogene,
882 1939 935 2021 qui
961 1938 1087 2003 fuerunt
1112 1938 1143 2002 in
1165 1937 1279 2015 Africa,
1307 1938 1366 2020 qui

247 2047 279 2107 et
299 2043 345 2107 ita
367 2044 534 2108 sentientes
557 2044 671 2109 abiecti
693 2048 766 2109 sunt
788 2045 825 2108 ab
850 2044 982 2109 ecelesia
1004 2045 1166 2110 oetholioa.

744 2219 863 2283 XXVII
1386 2253 1415 2293 ιε

183 2376 229 2429 Lu
291 2357 376 2437 Quae
395 2363 443 2424 est
461 2359 536 2423 baec
558 2361 680 2424 uanitas
700 2357 891 2436 Galatarum,
911 2357 1033 2424 Seleuoi
1056 2361 1088 2422 et
1104 2356 1367 2429 Hermiaellhero·

246 2465 399 2529 ticorum?
437 2462 497 2543 Qui
533 2485 602 2530 eum
639 2466 750 2530 uolunt
785 2466 877 2530 deum
914 2485 983 2530 esse
1013 2467 1235 2548 incorporeum,
1268 2465 1366 2548 hylen

249 2572 351 2648 etiam,
389 2571 422 2639 id
457 2575 505 2635 est
540 2573 701 2636 materiam
737 2572 844 2636 mundi
877 2576 1069 2637 coaeternam
1101 2590 1169 2636 esse
1201 2590 1272 2636 eum
1306 2572 1366 2637 deo

248 2678 403 2754 adserunt,
427 2680 459 2742 et
479 2679 638 2743 materiam
662 2680 786 2761 quidem
811 2680 1033 2744 elementorum
1055 2697 1198 2760 —quae
1222 2681 1271 2742 est
1297 2679 1368 2746 sine

336 2869 370 2923 10
387 2867 528 2936 Augustin.
548 2867 581 2922 de
598 2869 700 2922 haeres.
717 2869 764 2922 41:
789 2869 904 2922 Filaster
927 2871 1015 2922 autem
1032 2868 1160 2922 Brixanus
1178 2869 1320 2938 episeopus
1338 2869 1369 2941 in

248 2955 422 3024 prolixissimo
437 2956 505 3010 libro
524 2973 600 3025 quem
620 2957 652 3010 de
670 2957 808 3011 heresibus
823 2956 942 3011 condidit
954 2958 972 3026 †
985 2961 1013 3011 et
1027 2956 1162 3011 CXXVIII
1173 2956 1278 3010 hereses
1294 2957 1368 3011 arbi·

248 3047 333 3097 tratas
361 3047 402 3097 est
428 3044 627 3115 computandas,
651 3045 815 3099 Sabellianos
842 3046 966 3098 continuo
993 3048 1055 3115 post
1081 3045 1227 3099 Noetianos
1253 3061 1368 3115 ponens,

250 3132 390 3196 sabellius,
407 3132 502 3201 inquit,
522 3131 665 3202 diseIpulus
689 3134 753 3196 eius,
777 3135 822 3203 qui
845 3133 1045 3188 similitudinem
1068 3134 1108 3186 sni
1131 3132 1247 3187 doctoris
1270 3132 1369 3186 itidem

249 3223 354 3275 secutus
373 3224 424 3275 est:
444 3221 513 3275 unde
532 3226 560 3275 et
573 3221 719 3275 Sabelliani
735 3225 830 3293 postea
848 3226 909 3276 sunt
927 3222 1056 3292 appellati
1073 3222 1119 3290 qui
1133 3225 1161 3275 et
1172 3221 1370 3290 Patripassiani

250 3313 278 3364 et
298 3309 421 3363 Praxiani
444 3327 459 3363 a
481 3311 580 3364 Praxea
605 3315 632 3364 et
653 3311 832 3380 Hermogene:
862 3312 907 3380 qui
924 3310 1032 3364 luerunt
1049 3311 1076 3364 in
1088 3309 1186 3363 ¹alfriea
1203 3309 1249 3378 qui
1267 3312 1296 3363 et
1313 3310 1370 3364 ista

249 3399 395 3453 sentientes
417 3399 515 3453 abiecti
537 3402 599 3453 sunt
621 3400 654 3452 ab
679 3399 791 3454 ecelesia
812 3399 950 3453 catholiea.
982 3399 1060 3454 Certe
1078 3400 1129 3452 iste
1149 3396 1254 3451 eosdem
1272 3400 1371 3466 postea

250 3487 414 3541 Sabellianos
432 3486 499 3540 dixit
517 3486 664 3557 appellatos
682 3487 728 3556 qui
743 3503 774 3541 ea
787 3502 855 3557 quse
868 3486 971 3541 Noetus
986 3487 1138 3540 sentiebant
1152 3489 1179 3540 et
1192 3485 1246 3538 alia
1259 3485 1371 3539 nomiae

250 3573 366 3629 eiusdem
384 3577 472 3628 sectae
490 3574 707 3628 commemorauit
725 3577 858 3628 ettamen
877 3574 1023 3628 Noetianos
1042 3577 1070 3628 et
1087 3573 1253 3629 Sabellianos
1271 3572 1322 3626 snb
1339 3573 1370 3628 11

249 3663 365 3717 numeris
381 3667 517 3731 tamquam
536 3661 601 3715 dues
618 3663 724 3716 hereses
742 3663 843 3732 posuit:
863 3679 915 3731 qua
933 3679 1012 3717 eausa
1029 3663 1086 3732 ipse
1104 3661 1212 3719 uiderit.
1270 3663 1304 3717 lo
1321 3678 1369 3716 ea·

248 3752 356 3819 ambert
372 3749 514 3819 Angustia.
534 3750 566 3804 de
584 3752 684 3805 haeres.
704 3753 738 3805 59

284 3886 503 3944 4<eurreoeeramt
520 3882 568 3950 qui
578 3881 695 3948 suamet
712 3881 854 3950 tibairiade>
864 3881 1043 3950 supplendum
1060 3898 1093 3935 ea
1109 3873 1260 3950 Ha‘ppolyto
1273 3894 1305 3950 p.
1320 3885 1370 3946 43,

251 3975 287 4025 10
304 3971 343 4025 ed.
356 3970 486 4040 Loqarde
554 3969 636 4024 Noeti
653 3969 809 4040 Fabricius]
827 3969 947 4024 noetiani
1000 3972 1124 4025 Vmosen
1142 3970 1173 4023 in
1190 3985 1238 4023 rae
1256 3969 1282 4022 V
1299 3969 1372 4025 litte·

251 4076 346 4112 rarum
363 4059 389 4111 A
459 4060 494 4114 10
511 4058 583 4128 libya
600 4058 627 4111 B
697 4060 731 4114 13
747 4074 842 4129 praxea
858 4057 886 4110 B
961 4057 1116 4127 hermogeni
1134 4058 1161 4111 A
1231 4058 1324 4127 quiet
1344 4059 1373 4112 Β

251 4148 420 4218 Aequoream
438 4149 466 4201 et
483 4145 510 4200 A
564 4147 717 4203 Iesalenses
735 4148 762 4201 A
815 4148 848 4203 17
866 4163 1019 4216 corporeum
1036 4146 1064 4198 B
