2858 4620
245 335 353 404 XVIII
666 337 948 406 Prclcgomenn

247 530 352 594 Laude
382 530 552 614 catalogue
580 529 634 594 des
662 531 849 595 manuscrits
878 531 915 595 de
937 532 969 596 14
991 532 1207 615 bibliotheque
1230 533 1383 617 publique

249 637 286 700 de
309 637 430 719 Bruges
455 637 576 721 Bruges
602 638 686 702 1859
710 656 760 701 no.
787 638 848 701 158
872 658 901 721 p.
930 637 1017 722 145).
1040 638 1151 719 Neque
1174 641 1278 703 temen
1303 638 1385 703 diffi-

249 743 308 806 cile
336 746 402 806 erat
429 743 547 806 homini
574 744 751 827 perspicaci¹
775 747 807 809 et
829 744 1000 829 Augustini
1027 746 1060 808 et
1081 744 1222 809 Filestrii
1249 762 1385 826 opuscu-

248 850 315 913 lum
347 848 521 914 discernere
552 852 584 912 et
615 868 673 915 suo
706 850 833 914 reddere
866 849 995 914 auctori.
1036 848 1128 928 Quod
1154 849 1218 912 iarn
1247 848 1385 933 Magnus

251 955 421 1038 Gregorius
454 975 535 1038 papa
566 956 642 1021 fecit
669 957 724 1039 qui
751 976 831 1022 anno
864 958 928 1021 596
956 957 1033 1022 haec
1071 956 1212 1039 scripsit:
1253 956 1316 1038 (ed.
1347 957 1384 1023 P.

249 1062 356 1127 Euald
387 1062 421 1127 L.
449 1062 623 1126 Hertmnnn
655 1063 699 1128 M.
725 1061 761 1128 G.
790 1063 830 1127 H.
865 1063 989 1147 epistol.
1017 1066 1094 1130 torn.
1121 1063 1137 1126 Ι
1166 1063 1268 1129 Berol.
1298 1063 1384 1128 1891

250 1190 281 1253 p.
300 1170 375 1245 448,
397 1167 523 1255 20)...
548 1167 738 1232 ‘Eudouiuru
760 1170 913 1253 qucudaru
935 1189 991 1235 uos
1008 1171 1174 1233 4411144444
1192 1171 1388 1250 repperimus

251 1275 339 1340 cuius
360 1294 469 1338 uoruou
491 1275 526 1338 iu
548 1273 667 1338 Latius
689 1275 797 1356 iiupuo
809 1296 914 1366 reque
930 1275 967 1339 iu
983 1274 1113 1360 synodis
1129 1296 1227 1356 ucpuc
1243 1277 1279 1339 iu
1297 1273 1389 1339 libris

252 1381 357 1445 bootae
386 1382 551 1445 4141141144
581 1381 790 1462 cpiscoporum
816 1380 965 1465 Epipauii
991 1381 1163 1464 Augustini
1194 1386 1223 1447 ct
1249 1380 1390 1445 Flusor·

252 1508 327 1568 quos
358 1491 464 1551 4411114
494 1488 641 1552 hereticos
667 1488 835 1569 praecipue
867 1487 1040 1566 disputasse
1071 1489 1215 1551 uouimus
1249 1488 1389 1566 positum

252 1594 464 1674 repperimus)
499 1594 587 1658 Idem
614 1594 687 1658 libri
708 1593 859 1671 Filastrii,
888 1613 981 1675 quem
1008 1593 1044 1658 eie
1070 1592 1227 1658 heresibus
1249 1593 1392 1677 appellat

255 1700 390 1782 catalogi
412 1700 583 1784 Augustini
607 1700 793 1765 auctoritate
815 1699 925 1778 fretus,
950 1700 1115 1782 exscripsit
1136 1718 1201 1781 cap.
1224 1701 1286 1763 125
1306 1700 1343 1782 (l.
1364 1717 1391 1764 s.

256 1829 281 1872 s.
304 1828 334 1888 p.
359 1809 433 1882 458,
459 1806 515 1890 29)
544 1825 621 1870 anno
651 1807 726 1884 597,
755 1825 848 1888 quern
874 1809 981 1871 locum
1013 1806 1232 1871 adnotauimus
1264 1807 1295 1870 in
1325 1805 1391 1870 cdi-

254 1915 353 1978 tione:
388 1912 543 1977 consent't
570 1931 642 1976 cum
668 1912 784 1978 nostris
812 1903 901 1977 libris
929 1912 991 1977 uisi
1018 1913 1102 1994 quod
1130 1913 1162 1975 hi
1190 1915 1286 1996 caput
1311 1913 1392 1977 inci·

255 2022 347 2105 piunt
368 2019 473 2083 uerbis
497 2019 565 2083 Alii
587 2021 660 2082 suut
680 2017 813 2095 heretici,
837 2020 891 2083 ille
913 2018 982 2082 Alii
1005 2019 1121 2083 omisit.
1158 2019 1193 2083 In
1219 2020 1391 2104 archetypo

255 2128 353 2212 igitur
385 2126 464 2191 codd
496 2128 673 2190 nostrorum
706 2124 774 2189 siue
804 2124 946 2208 Gregorii
974 2125 1160 2190 auctoritate
1189 2125 1287 2190 frctus
1320 2127 1392 2192 siue

255 2233 426 2317 Augustini
448 2233 528 2297 libro
547 2251 624 2295 usus
644 2231 735 2295 facile
755 2231 859 2314 quiuis
879 2233 931 2295 uel
949 2231 1147 2297 mediocriter
1166 2231 1276 2295 doctus
1293 2232 1393 2297 libra-

99 2354 129 2394 4
142 2341 323 2404 4444411114
354 2339 470 2403 librum
503 2357 688 2419 anonymum
722 2357 778 2403 suo
807 2341 928 2420 poterat
959 2338 1040 2419 patri
1070 2337 1238 2402 uindicare.
1275 2338 1392 2420 Itaque

128 2416 213 2510 sm
259 2466 330 2511 curn
355 2464 433 2509 anno
453 2446 516 2508 428
534 2444 733 2527 Augustinus
756 2443 872 2508 librum
894 2442 1032 2507 Filastrii
1056 2447 1180 2526 praesto
1204 2442 1336 2509 baberet
1356 2445 1392 2508 in

258 2551 552 2626 41114441114430
576 2550 607 2612 in
632 2549 724 2614 114114
746 2550 778 2613 ni
800 2551 892 2614 fallor
913 2549 996 2614 idem
1019 2550 1099 2613 liber
1121 2550 1238 2614 omisso
1263 2534 1392 2615 nomine

259 2657 395 2722 auctoris
418 2658 533 2721 iterum
556 2656 659 2720 editus
685 2659 746 2721 est:
770 2659 958 2720 retractatus
982 2676 1057 2720 num
1080 2656 1175 2721 fuerit
1199 2657 1292 2720 etiem
1317 2656 1392 2722 aliis

260 2769 382 2847 praeter
413 2763 491 2826 duos
522 2762 595 2826 illos
628 2781 705 2844 quos
738 2761 951 2827 demonstrnui
982 2762 1072 2839 locis,
1099 2781 1160 2826 non
1192 2763 1256 2826 iam
1283 2762 1393 2844 potuit

259 2868 410 2952 indagari.
444 2867 532 2932 Anno
561 2868 694 2950 denique
722 2868 784 2931 597
810 2865 978 2950 Gregorius
1001 2867 1137 2951 Magnus
1164 2868 1302 2950 pontifex
1326 2887 1393 2932 ma·

260 2975 362 3039 nimus
390 2974 506 3038 Romae
535 2972 644 3037 eodem
671 2991 749 3036 nsus
777 2974 828 3036 est
854 2972 932 3038 libro
960 2972 1084 3042 nomine
1118 2972 1217 3037 denuo
1251 2973 1392 3039 auctoris

262 3081 313 3146 sui
336 3084 451 3145 ornato.
487 3080 528 3144 llt
555 3078 671 3144 codicis
700 3077 833 3142 alicuius
856 3078 989 3142 Romani
1011 3078 1125 3142 notitia
1148 3079 1327 3144 etiamnunc
1351 3080 1391 3144 ad

261 3207 318 3252 nos
341 3187 494 3269 peruenit.

98 3334 250 3386 naumurum
309 3291 340 3378 1)
363 3293 481 3357 Paulus
506 3291 677 3357 Gnleardus
700 3291 731 3355 in
753 3290 833 3355 libro
863 3288 1006 3354 Veterum
1027 3288 1162 3354 Briniae
1183 3291 1392 3371 episcoporum

113 3388 242 3483 rimie
264 3400 296 3466 S.
325 3399 486 3462 Philostrii
513 3402 542 3462 et
563 3394 597 3461 S.
625 3395 796 3461 Gaudentii
823 3417 915 3478 opera
941 3417 995 3461 uec
1023 3416 1085 3460 uou
1107 3395 1150 3460 B.
1174 3395 1340 3476 Rorupcrti
1362 3401 1392 3460 et

269 3506 341 3571 Veri.
370 3505 558 3570 Adclmauui
587 3504 733 3585 opusculo
748 3553 755 3568 .
772 3553 779 3568 .
796 3552 803 3568 .
812 3503 967 3584 prodeunt
998 3503 1086 3566 iussu
1103 3551 1110 3567 .
1127 3553 1133 3567 .
1150 3501 1285 3583 ,1149411
1315 3501 1391 3566 Ma·

262 3610 598 3678 rice...Oordiuciis
633 3606 976 3689 Quirini..>.Bricioe
1008 3612 1094 3671 1738
1125 3629 1155 3691 p.
1191 3609 1264 3685 182,
1299 3609 1315 3671 1
1351 3608 1390 3672 ad

265 3740 331 3802 cap.
358 3720 430 3796 148,
456 3719 484 3783 7.
510 3718 528 3782 8
559 3717 635 3781 haec
663 3714 823 3780 ednotnuit
851 3713 978 3800 (Ochler
1004 3714 1026 3779 l.
1051 3733 1076 3778 s.
1101 3734 1126 3780 4.
1153 3734 1184 3797 p.
1211 3715 1283 3792 166,
1309 3701 1388 3799 11);

266 3826 344 3890 Cum
372 3812 467 3907 cuper
492 3823 588 3906 Legis
612 3821 746 3897 diuinae,
771 3820 980 3902 coelestisque
1007 3823 1101 3896 44441,
1126 3822 1157 3885 et
1184 3839 1241 3884 suo
1270 3820 1390 3904 studio)

265 3934 300 3996 In
330 3931 488 4014 Gorbejen.
510 3927 580 3999 MS.
604 3947 664 3992 non
691 3927 824 3991 habetur
851 3927 964 4010 copula
990 3926 1217 3992 ci...doinde
1244 3944 1299 4009 pro
1326 3924 1390 3990 Dei

264 4037 408 4122 mysterio
430 4035 547 4120 legitur
568 4031 684 4097 Christi
705 4033 849 4116 mysterio
872 4032 955 4114 quod
977 4031 1091 4097 melius
1107 4079 1114 4096 .
1131 4083 1138 4098 .
1155 4080 1162 4095 .
1177 4031 1299 4115 insigne
1322 4051 1390 4114 pro-

265 4147 347 4208 fecto
368 4144 417 4207 est
435 4141 559 4226 σφάλμα
579 4139 662 4223 quod
681 4137 826 4203 exhibent
844 4137 1007 4215 editiones,
1026 4137 1081 4202 ubi
1097 4140 1263 4217 4144441114
1281 4137 1390 4216 quippe

265 4253 293 4314 et
332 4246 575 4312 circumcisionis
614 4245 797 4309 couucuicus
835 4245 927 4324 ratio,
969 4242 1128 4309 (lorbeien.
1166 4246 1271 4306 autern
1306 4245 1388 4307 recte
