2858 4620
673 294 739 350 CIV.
1208 297 1248 360 63

146 491 301 571 peccatum
332 489 413 571 quod
440 489 575 553 fecerant
601 488 796 554 aedificantes
823 492 937 552 turrem
965 491 996 552 et
1023 488 1190 565 ciuitatem,
1209 490 1250 559 et

147 598 178 658 ut
199 594 384 660 rebellantes
408 613 425 658 a
443 595 500 658 deo
518 595 576 660 hoc
594 595 679 677 passi
697 598 778 659 sunt.
788 592 797 680 11
806 595 960 658 Habentes
980 593 1059 658 enim
1080 593 1249 676 angelicam
1272 595 1292 656 3

147 700 283 783 gratiam,
306 699 338 763 id
362 703 410 765 est
431 701 599 765 multarum
621 700 795 784 linguarum
822 699 992 777 scientiam,
1021 718 1078 763 non
1107 717 1250 782 agnosce·

146 805 217 868 bant
251 804 388 870 datorem
423 808 526 870 tantae
564 805 730 889 sapientiae
767 805 934 877 dominum.
975 808 1140 887 contraque
1180 824 1250 869 eum

74 924 130 965 δ
147 915 290 975 conantes
320 910 683 996 progredilperdiderant
713 911 854 998 gratiam,
890 930 981 994 quarn
1017 911 1082 975 sine
1118 911 1249 993 quodam

145 1017 247 1082 labore
270 1016 420 1082 diuinitus
442 1017 596 1082 habebant
617 1037 795 1085 concessam
818 1021 850 1082 et
872 1018 953 1099 quod
976 1017 1040 1081 sine
1060 1016 1162 1082 studio
1181 1020 1251 1082 ante
1274 1017 1293 1079 4

146 1121 290 1187 donatum
312 1123 414 1188 iuerat
435 1143 453 1189 a
475 1124 597 1190 domino
621 1126 651 1189 at
672 1123 853 1188 naturaliter
876 1123 1026 1201 omuibus,
1049 1126 1084 1186 ut
1107 1121 1155 1187 dei
1176 1123 1250 1186 ima-

145 1226 217 1310 gini.
239 1227 354 1293 Postea
375 1248 447 1293 uero
471 1247 526 1312 per
548 1229 686 1294 studium
706 1231 737 1294 et
755 1228 933 1304 doctrinam,
953 1228 1107 1294 obliuione
1124 1228 1252 1293 inmissa

144 1352 160 1395 a
182 1332 315 1413 domino,
344 1335 396 1399 uix
423 1333 540 1400 discere
566 1335 786 1418 praeualabant
811 1354 871 1399 non
899 1352 1014 1401 omncs.
1041 1353 1098 1399 uec
1124 1335 1250 1410 multas,

55 1450 128 1497 ιο
143 1437 197 1503 sed
219 1438 271 1502 uir
292 1458 407 1520 paucas
429 1440 562 1525 linguas,
585 1441 630 1505 ite
651 1441 688 1504 ut
708 1444 772 1506 tres
795 1440 864 1523 quis
887 1442 942 1504 aut
964 1442 1109 1522 quattuor
1135 1440 1253 1504 ualeret

142 1544 286 1623 ediscere,
310 1549 401 1628 atquc
424 1546 524 1611 isdem
546 1548 598 1611 uir
625 1546 737 1628 eloqui.
764 1546 916 1611 Adtaman
944 1564 1065 1611 omnem
1091 1545 1252 1611 scientiam
1275 1547 1294 1609 5

140 1650 326 1734 linguarum,
359 1671 450 1734 quarn
481 1656 551 1718 ante
583 1653 643 1719 duo
677 1653 762 1717 milia
792 1672 938 1718 annorum
975 1655 1007 1717 et
1041 1651 1258 1737 septingentos,

142 1774 235 1821 annos
268 1757 454 1823 offendentes
490 1758 655 1822 amiserant
688 1757 840 1835 homines,
873 1757 934 1824 sut
968 1755 1068 1821 beatis
1104 1755 1252 1840 apostolis

141 1880 264 1925 rursum
287 1866 359 1946 post
380 1864 590 1929 ascensionem
609 1882 697 1928 suam
717 1863 859 1928 dominus
877 1879 933 1945 per
949 1865 1090 1927 sanctum
1109 1862 1252 1945 spiritum

88 1987 125 2030 rs
142 1968 207 2031 sine
243 1967 376 2050 quodam
409 1969 514 2034 labore
546 1969 741 2034 credentibus
774 1969 957 2046 conferebat,
990 1968 1072 2032 sicut
1102 1967 1253 2051 scriptum

141 2077 190 2137 est
216 2073 247 2136 in
270 2073 401 2138 Actibus
431 2076 650 2158 apostolorum.
678 2075 843 2159 Angelicae
871 2073 952 2139 enim
977 2073 1104 2138 ui1tutis
1127 2078 1177 2138 est
1197 2073 1253 2137 liu·
1276 2075 1295 2136 6

141 2198 218 2262 guas
251 2178 329 2243 scire
357 2180 494 2244 omnium
520 2180 695 2246 hominum:
727 2198 782 2263 per
807 2166 902 2244 fidam
922 2181 1025 2244 autem
1048 2177 1164 2244 Christi
1187 2179 1252 2244 sine

140 2283 244 2358 labore
266 2283 442 2367 linguarum
467 2284 605 2348 omnium
628 2283 822 2349 credentibus
845 2284 1096 2350 subministratur
1114 2283 1252 2361 scientia,

141 2388 223 2452 sicut
248 2388 394 2472 legimus,
423 2389 551 2455 docente
580 2383 684 2456 diuino
713 2389 826 2471 spiritu
848 2389 1005 2472 apostolos
1028 2392 1121 2471 atque
1145 2391 1252 2474 gentes

92 2517 123 2565 so
139 2493 248 2558 itidem
276 2493 433 2564 credentes
460 2497 534 2559 tunc
560 2495 707 2577 temporis
734 2495 764 2559 in
789 2493 945 2560 Christum
974 2493 1131 2559 dominum
1154 2495 1254 2565 salua-

140 2602 239 2664 torem
276 2600 342 2665 sine
377 2601 481 2667 labore
515 2602 691 2686 linguarum
732 2601 870 2666 omnium
910 2601 1052 2666 donatam
1093 2600 1251 2665 scientiam

139 2705 343 2786 praedicasse,
370 2717 406 2770 ut
433 2708 490 2771 sub
513 2708 605 2772 Petro
634 2718 664 2770 et
686 2708 843 2783 Paulollet
869 2706 938 2771 aliis
960 2705 1077 2771 iactum
1100 2708 1158 2784 est,
1182 2724 1251 2770 curn
1277 2710 1294 2774 7

141 2809 286 2876 docerent
307 2815 414 2894 gentes
438 2812 561 2877 uenisse
585 2813 726 2895 spiritum
751 2811 841 2877 daia
864 2812 934 2878 deo:
959 2815 990 2876 et
1008 2811 1127 2896 linguis
1145 2811 1253 2875 multis

141 2933 193 2979 eos
215 2917 357 2997 potuisse
381 2918 494 2998 eloqui,
517 2921 554 2982 ut
576 2917 736 2982 audientes
759 2917 899 2981 homines
921 2916 1104 2980 mirarentur
1126 2915 1164 2980 de
1182 2933 1253 2999 gen·

94 3052 124 3094 ,ὁ
140 3021 236 3100 tibus,
268 3022 351 3104 quod
381 3026 537 3086 tantarum
567 3023 741 3106 linguarum
774 3024 806 3086 et
835 3021 896 3106 ipsi
926 3041 981 3104 pen
1013 3021 1105 3085 fidem
1138 3020 1254 3086 christi

140 3127 301 3192 scientiam
319 3128 467 3193 haberant
489 3129 555 3192 sine
578 3128 717 3194 doctrina
739 3146 927 3193 concessam.
945 3124 948 3211 l

228 3313 262 3370 lo
280 3313 368 3368 Actor.
387 3316 457 3370 114.
478 3317 500 3369 7.
523 3317 554 3369 12

175 3444 191 3499 1
210 3449 320 3513 peccata
336 3446 364 3499 A
440 3449 457 3502 2
476 3447 628 3502 refellentes
645 3449 681 3500 A·
752 3451 769 3503 7
788 3451 816 3502 et
832 3448 991 3502 naturaliter
1009 3451 1033 3502 A
1052 3445 1211 3501 naturaliter
1227 3447 1255 3499 B

139 3535 157 3588 8
174 3531 291 3589 studium
310 3537 338 3588 et
349 3535 376 3587 A
390 3533 507 3588 studium
522 3538 601 3605 atque
615 3536 642 3588 Β
711 3536 845 3590 obliuione
859 3537 940 3589 missa
953 3537 980 3589 A
1032 3541 1049 3593 9
1066 3552 1114 3590 nec
1128 3537 1155 3588 B
1168 3535 1215 3588 sed
1227 3535 1255 3587 A

140 3621 177 3676 10
203 3621 306 3675 ualeret
332 3622 448 3676 ediscere
470 3621 630 3692 Siclrardue]
653 3623 756 3676 ualeret
782 3623 884 3678 edicere
906 3624 933 3677 B
959 3623 1003 3676 uel
1024 3627 1095 3677 recte
1119 3621 1206 3677 dicere
1227 3623 1255 3675 A

141 3707 175 3762 11
196 3708 284 3776 eloqui
303 3707 427 3764 adtamen
444 3710 472 3762 A
490 3710 595 3779 eloquia
612 3713 668 3764 tam
685 3711 712 3764 B
783 3711 879 3767 12·11⁶
898 3727 1023 3764 annuorum
1043 3713 1070 3765 et
1089 3709 1174 3766 ΜΟ·
1192 3726 1213 3766 s.
1232 3727 1253 3762 a.

141 3796 184 3847 tos
202 3795 229 3848 B
247 3795 298 3850 dno
316 3798 391 3850 milia
409 3802 437 3851 et
454 3799 630 3867 septingentis
648 3799 674 3851 A
741 3800 779 3862 14
796 3783 852 3868 epm
871 3784 925 3853 scr-n
943 3800 969 3852 B
987 3816 1046 3854 cum
1062 3799 1147 3871 siprne
1163 3804 1254 3852 trans·

139 3883 301 3953 positionis·
378 3886 414 3945 21
435 3884 578 3940 conatus
655 3885 903 3948 aaeumnutn
965 3873 1254 3956 aaspffinxtffia

143 3971 179 4026 24
197 3986 228 4024 eo
247 3967 275 4023 A
344 3973 471 4027 mirentur
488 3974 514 4030 A
565 3977 600 4030 26
618 3990 740 4028 concessa
758 3975 784 4027 A
