<?xml version="1.0" encoding="UTF-8"?>
<!DOCTYPE html PUBLIC "-//W3C//DTD XHTML 1.0 Transitional//EN"
    "http://www.w3.org/TR/xhtml1/DTD/xhtml1-transitional.dtd">
<html xmlns="http://www.w3.org/1999/xhtml" xml:lang="en" lang="en">
 <head>
  <title>
</title>
<meta http-equiv="Content-Type" content="text/html;charset=utf-8" />
  <meta name='ocr-system' content='tesseract 3.04.00' />
  <meta name='ocr-capabilities' content='ocr_page ocr_carea ocr_par ocr_line ocrx_word'/>
</head>
<body>
  <div class='ocr_page' id='page_1' title='image "./sanctifilastrii00marxgoog_0133.png"; bbox 0 0 2880 4620; ppageno 0'>
   <div class='ocr_carea' id='block_1_1' title="bbox 236 287 1178 355">
    <p class='ocr_par' dir='ltr' id='par_1_1' title="bbox 236 287 1178 355">
     <span class='ocr_line' id='line_1_1' title="bbox 236 287 1178 355; baseline -0.001 -14"><span class='ocrx_word' id='word_1_1' title='bbox 236 291 276 355; x_wconf 85' lang='lat'><strong>80</strong></span> <span class='ocrx_word' id='word_1_2' title='bbox 418 287 596 342; x_wconf 74' lang='lat' dir='ltr'><strong>massan</strong></span> <span class='ocrx_word' id='word_1_3' title='bbox 614 287 844 342; x_wconf 79' lang='lat' dir='ltr'>DIVERSARVM</span> <span class='ocrx_word' id='word_1_4' title='bbox 861 287 1053 343; x_wconf 81' lang='lat' dir='ltr'>HERESEON</span> <span class='ocrx_word' id='word_1_5' title='bbox 1070 287 1178 341; x_wconf 78' lang='lat' dir='ltr'><strong>LIBER</strong></span> 
     </span>
    </p>
   </div>
   <div class='ocr_carea' id='block_1_2' title="bbox 188 481 1408 2263">
    <p class='ocr_par' dir='ltr' id='par_1_2' title="bbox 233 481 1363 884">
     <span class='ocr_line' id='line_1_2' title="bbox 234 481 1362 567; baseline -0.002 -20"><span class='ocrx_word' id='word_1_6' title='bbox 234 487 321 547; x_wconf 86' lang='lat' dir='ltr'><strong>mant</strong></span> <span class='ocrx_word' id='word_1_7' title='bbox 344 483 460 548; x_wconf 84' lang='lat' dir='ltr'>dixisse</span> <span class='ocrx_word' id='word_1_8' title='bbox 483 488 519 548; x_wconf 90' lang='lat' dir='ltr'><strong>ut</strong></span> <span class='ocrx_word' id='word_1_9' title='bbox 541 484 706 567; x_wconf 75' lang='lat' dir='ltr'>pelleretur</span> <span class='ocrx_word' id='word_1_10' title='bbox 728 484 766 547; x_wconf 96' lang='lat' dir='ltr'><strong>de</strong></span> <span class='ocrx_word' id='word_1_11' title='bbox 788 483 942 566; x_wconf 80' lang='lat' dir='ltr'><strong>paradiso,</strong></span> <span class='ocrx_word' id='word_1_12' title='bbox 965 502 1025 547; x_wconf 91' lang='lat' dir='ltr'><strong>non</strong></span> <span class='ocrx_word' id='word_1_13' title='bbox 1049 483 1252 547; x_wconf 77' lang='lat' dir='ltr'><strong>adtendentes</strong></span> <span class='ocrx_word' id='word_1_14' title='bbox 1276 481 1362 564; x_wconf 88' lang='lat' dir='ltr'><strong>quod</strong></span> 
     </span>
     <span class='ocr_line' id='line_1_3' title="bbox 235 587 1362 673; baseline -0.003 -19"><span class='ocrx_word' id='word_1_15' title='bbox 235 609 317 654; x_wconf 90' lang='lat' dir='ltr'><strong>unus</strong></span> <span class='ocrx_word' id='word_1_16' title='bbox 341 589 417 654; x_wconf 91' lang='lat' dir='ltr'><strong>deus</strong></span> <span class='ocrx_word' id='word_1_17' title='bbox 442 593 535 673; x_wconf 89' lang='lat' dir='ltr'><strong>atque</strong></span> <span class='ocrx_word' id='word_1_18' title='bbox 557 589 640 654; x_wconf 90' lang='lat' dir='ltr'><strong>idem</strong></span> <span class='ocrx_word' id='word_1_19' title='bbox 662 594 750 672; x_wconf 91' lang='lat' dir='ltr'><strong>pater</strong></span> <span class='ocrx_word' id='word_1_20' title='bbox 776 609 831 672; x_wconf 88' lang='lat' dir='ltr'><strong>per</strong></span> <span class='ocrx_word' id='word_1_21' title='bbox 856 589 954 654; x_wconf 90' lang='lat' dir='ltr'><strong>filium</strong></span> <span class='ocrx_word' id='word_1_22' title='bbox 982 589 1092 655; x_wconf 88' lang='lat' dir='ltr'><strong>fecerit</strong></span> <span class='ocrx_word' id='word_1_23' title='bbox 1113 587 1213 659; x_wconf 81' lang='lat' dir='ltr'><strong>Adam</strong></span> <span class='ocrx_word' id='word_1_24' title='bbox 1240 591 1362 671; x_wconf 87' lang='lat' dir='ltr'><strong>patrem</strong></span> 
     </span>
     <span class='ocr_line' id='line_1_4' title="bbox 235 694 1363 776; baseline -0.003 -16"><span class='ocrx_word' id='word_1_25' title='bbox 235 698 387 773; x_wconf 88' lang='lat' dir='ltr'><strong>nostrum,</strong></span> <span class='ocrx_word' id='word_1_26' title='bbox 411 694 591 776; x_wconf 76' lang='lat' dir='ltr'><strong>dederitque</strong></span> <span class='ocrx_word' id='word_1_27' title='bbox 616 695 644 759; x_wconf 90' lang='lat' dir='ltr'><strong>ei</strong></span> <span class='ocrx_word' id='word_1_28' title='bbox 666 695 858 770; x_wconf 88' lang='lat' dir='ltr'><strong>mandatum,</strong></span> <span class='ocrx_word' id='word_1_29' title='bbox 882 699 919 761; x_wconf 94' lang='lat' dir='ltr'><strong>ut</strong></span> <span class='ocrx_word' id='word_1_30' title='bbox 936 694 1093 761; x_wconf 89' lang='lat' dir='ltr'><strong>custodito</strong></span> <span class='ocrx_word' id='word_1_31' title='bbox 1113 713 1148 759; x_wconf 92' lang='lat' dir='ltr'><strong>eo</strong></span> <span class='ocrx_word' id='word_1_32' title='bbox 1167 696 1363 776; x_wconf 87' lang='lat' dir='ltr'><strong>permaneret</strong></span> 
     </span>
     <span class='ocr_line' id='line_1_5' title="bbox 233 799 1360 884; baseline 0 -20"><span class='ocrx_word' id='word_1_33' title='bbox 233 801 417 873; x_wconf 86' lang='lat' dir='ltr'><strong>inmortalis,</strong></span> <span class='ocrx_word' id='word_1_34' title='bbox 453 801 726 884; x_wconf 89' lang='lat' dir='ltr'><strong>praeuaricatoque</strong></span> <span class='ocrx_word' id='word_1_35' title='bbox 762 801 907 866; x_wconf 91' lang='lat' dir='ltr'><strong>mandato</strong></span> <span class='ocrx_word' id='word_1_36' title='bbox 938 801 1107 882; x_wconf 88' lang='lat' dir='ltr'><strong>pelleretur</strong></span> <span class='ocrx_word' id='word_1_37' title='bbox 1138 800 1175 864; x_wconf 95' lang='lat' dir='ltr'><strong>de</strong></span> <span class='ocrx_word' id='word_1_38' title='bbox 1206 799 1360 882; x_wconf 87' lang='lat' dir='ltr'><strong>paradiso,</strong></span> 
     </span>
    </p>

    <p class='ocr_par' dir='ltr' id='par_1_3' title="bbox 191 904 1408 1094">
     <span class='ocr_line' id='line_1_6' title="bbox 191 904 1408 989; baseline -0.001 -22"><span class='ocrx_word' id='word_1_39' title='bbox 191 904 212 967; x_wconf 86' lang='grc'>4</span> <span class='ocrx_word' id='word_1_40' title='bbox 234 909 272 971; x_wconf 90' lang='lat' dir='ltr'><strong>ut</strong></span> <span class='ocrx_word' id='word_1_41' title='bbox 295 907 446 989; x_wconf 90' lang='lat' dir='ltr'><strong>scriptum</strong></span> <span class='ocrx_word' id='word_1_42' title='bbox 470 911 532 983; x_wconf 83' lang='lat' dir='ltr'><strong>est3</strong></span> <span class='ocrx_word' id='word_1_43' title='bbox 556 912 588 971; x_wconf 94' lang='lat' dir='ltr'><strong>et</strong></span> <span class='ocrx_word' id='word_1_44' title='bbox 611 908 685 989; x_wconf 88' lang='lat' dir='ltr'><strong>quia</strong></span> <span class='ocrx_word' id='word_1_45' title='bbox 707 907 851 972; x_wconf 83' lang='lat' dir='ltr'><strong>suasione</strong></span> <span class='ocrx_word' id='word_1_46' title='bbox 875 907 990 971; x_wconf 84' lang='lat' dir='ltr'><strong>inimici</strong></span> <span class='ocrx_word' id='word_1_47' title='bbox 1018 905 1078 971; x_wconf 88' lang='lat' dir='ltr'><strong>hoc</strong></span> <span class='ocrx_word' id='word_1_48' title='bbox 1104 924 1271 989; x_wconf 86' lang='lat' dir='ltr'><strong>perpessus</strong></span> <span class='ocrx_word' id='word_1_49' title='bbox 1300 908 1360 983; x_wconf 89' lang='lat' dir='ltr'><strong>est,</strong></span> <span class='ocrx_word' id='word_1_50' title='bbox 1394 925 1408 965; x_wconf 78' lang='lat' dir='ltr'><strong>r</strong></span> 
     </span>
     <span class='ocr_line' id='line_1_7' title="bbox 225 1012 1362 1094; baseline -0.001 -18"><span class='ocrx_word' id='word_1_51' title='bbox 225 1031 305 1094; x_wconf 51' lang='lat' dir='ltr'><strong>&gt;¹cum</strong></span> <span class='ocrx_word' id='word_1_52' title='bbox 329 1032 389 1077; x_wconf 93' lang='lat' dir='ltr'><strong>non</strong></span> <span class='ocrx_word' id='word_1_53' title='bbox 412 1012 585 1078; x_wconf 89' lang='lat' dir='ltr'><strong>adtendunt</strong></span> <span class='ocrx_word' id='word_1_54' title='bbox 607 1013 645 1078; x_wconf 94' lang='lat' dir='ltr'><strong>ad</strong></span> <span class='ocrx_word' id='word_1_55' title='bbox 669 1013 785 1078; x_wconf 81' lang='lat' dir='ltr'><strong>Christi</strong></span> <span class='ocrx_word' id='word_1_56' title='bbox 807 1012 1061 1094; x_wconf 89' lang='lat' dir='ltr'><strong>misericordiam,</strong></span> <span class='ocrx_word' id='word_1_57' title='bbox 1084 1012 1115 1075; x_wconf 90' lang='lat' dir='ltr'><strong>in</strong></span> <span class='ocrx_word' id='word_1_58' title='bbox 1142 1012 1362 1094; x_wconf 80' lang='lat' dir='ltr'><strong>praecipitium</strong></span> 
     </span>
    </p>

    <p class='ocr_par' dir='ltr' id='par_1_4' title="bbox 191 1117 1361 1308">
     <span class='ocr_line' id='line_1_8' title="bbox 191 1117 1361 1202; baseline 0.003 -23"><span class='ocrx_word' id='word_1_59' title='bbox 191 1117 345 1182; x_wconf 74' lang='lat' dir='ltr'><strong>amoreis</strong></span> <span class='ocrx_word' id='word_1_60' title='bbox 378 1118 570 1183; x_wconf 87' lang='lat' dir='ltr'><strong>descendunt</strong></span> <span class='ocrx_word' id='word_1_61' title='bbox 600 1123 776 1202; x_wconf 85' lang='lat' dir='ltr'><strong>perpetuae.</strong></span> <span class='ocrx_word' id='word_1_62' title='bbox 809 1119 869 1183; x_wconf 90' lang='lat' dir='ltr'><strong>Hic</strong></span> <span class='ocrx_word' id='word_1_63' title='bbox 897 1119 1002 1201; x_wconf 90' lang='lat' dir='ltr'><strong>itaque</strong></span> <span class='ocrx_word' id='word_1_64' title='bbox 1029 1137 1088 1182; x_wconf 92' lang='lat' dir='ltr'><strong>non</strong></span> <span class='ocrx_word' id='word_1_65' title='bbox 1114 1117 1257 1182; x_wconf 92' lang='lat' dir='ltr'><strong>inuidens</strong></span> <span class='ocrx_word' id='word_1_66' title='bbox 1282 1117 1361 1183; x_wconf 87' lang='lat' dir='ltr'><strong>deus</strong></span> 
     </span>
     <span class='ocr_line' id='line_1_9' title="bbox 234 1224 1360 1308; baseline -0.002 -20"><span class='ocrx_word' id='word_1_67' title='bbox 234 1225 350 1305; x_wconf 89' lang='lat' dir='ltr'><strong>repulit</strong></span> <span class='ocrx_word' id='word_1_68' title='bbox 381 1228 500 1307; x_wconf 92' lang='lat' dir='ltr'><strong>patrem</strong></span> <span class='ocrx_word' id='word_1_69' title='bbox 532 1228 673 1289; x_wconf 85' lang='lat' dir='ltr'><strong>nostrum</strong></span> <span class='ocrx_word' id='word_1_70' title='bbox 707 1225 744 1290; x_wconf 92' lang='lat' dir='ltr'><strong>de</strong></span> <span class='ocrx_word' id='word_1_71' title='bbox 776 1225 930 1308; x_wconf 87' lang='lat' dir='ltr'><strong>paradiso,</strong></span> <span class='ocrx_word' id='word_1_72' title='bbox 958 1230 996 1288; x_wconf 86' lang='lat' dir='ltr'><strong>ot</strong></span> <span class='ocrx_word' id='word_1_73' title='bbox 1021 1243 1080 1288; x_wconf 93' lang='lat' dir='ltr'><strong>non</strong></span> <span class='ocrx_word' id='word_1_74' title='bbox 1110 1224 1154 1289; x_wconf 91' lang='lat' dir='ltr'><strong>ibi</strong></span> <span class='ocrx_word' id='word_1_75' title='bbox 1176 1226 1360 1298; x_wconf 90' lang='lat' dir='ltr'><strong>moraretur,</strong></span> 
     </span>
    </p>

    <p class='ocr_par' dir='ltr' id='par_1_5' title="bbox 188 1329 1408 1626">
     <span class='ocr_line' id='line_1_10' title="bbox 188 1329 1361 1415; baseline 0 -21"><span class='ocrx_word' id='word_1_76' title='bbox 188 1383 190 1387; x_wconf 60' lang='grc'>,</span> <span class='ocrx_word' id='word_1_77' title='bbox 233 1333 289 1395; x_wconf 87' lang='lat' dir='ltr'><strong>aut</strong></span> <span class='ocrx_word' id='word_1_78' title='bbox 315 1350 375 1395; x_wconf 92' lang='lat' dir='ltr'><strong>non</strong></span> <span class='ocrx_word' id='word_1_79' title='bbox 404 1333 545 1415; x_wconf 90' lang='lat' dir='ltr'><strong>gustaret</strong></span> <span class='ocrx_word' id='word_1_80' title='bbox 574 1331 611 1395; x_wconf 90' lang='lat' dir='ltr'><strong>de</strong></span> <span class='ocrx_word' id='word_1_81' title='bbox 638 1331 723 1415; x_wconf 91' lang='lat' dir='ltr'><strong>ligno</strong></span> <span class='ocrx_word' id='word_1_82' title='bbox 743 1331 842 1408; x_wconf 88' lang='lat' dir='ltr'><strong>uitae,</strong></span> <span class='ocrx_word' id='word_1_83' title='bbox 867 1331 923 1395; x_wconf 91' lang='lat' dir='ltr'><strong>sed</strong></span> <span class='ocrx_word' id='word_1_84' title='bbox 944 1332 1045 1415; x_wconf 88' lang='lat' dir='ltr'><strong>magis</strong></span> <span class='ocrx_word' id='word_1_85' title='bbox 1069 1329 1169 1395; x_wconf 89' lang='lat' dir='ltr'><strong>eidem</strong></span> <span class='ocrx_word' id='word_1_86' title='bbox 1193 1331 1361 1394; x_wconf 89' lang='lat' dir='ltr'><strong>consulens</strong></span> 
     </span>
     <span class='ocr_line' id='line_1_11' title="bbox 232 1435 1408 1520; baseline -0.003 -20"><span class='ocrx_word' id='word_1_87' title='bbox 232 1437 263 1501; x_wconf 92' lang='lat' dir='ltr'><strong>in</strong></span> <span class='ocrx_word' id='word_1_88' title='bbox 286 1456 383 1520; x_wconf 91' lang='lat' dir='ltr'><strong>paruo</strong></span> <span class='ocrx_word' id='word_1_89' title='bbox 406 1437 548 1520; x_wconf 81' lang='lat' dir='ltr'><strong>peccanti</strong></span> <span class='ocrx_word' id='word_1_90' title='bbox 570 1455 631 1501; x_wconf 93' lang='lat' dir='ltr'><strong>non</strong></span> <span class='ocrx_word' id='word_1_91' title='bbox 652 1437 800 1520; x_wconf 85' lang='lat' dir='ltr'><strong>pepercit,</strong></span> <span class='ocrx_word' id='word_1_92' title='bbox 824 1456 862 1502; x_wconf 92' lang='lat' dir='ltr'><strong>ne</strong></span> <span class='ocrx_word' id='word_1_93' title='bbox 885 1437 1039 1520; x_wconf 89' lang='lat' dir='ltr'><strong>parcendo</strong></span> <span class='ocrx_word' id='word_1_94' title='bbox 1063 1437 1102 1500; x_wconf 90' lang='lat' dir='ltr'><strong>ad</strong></span> <span class='ocrx_word' id='word_1_95' title='bbox 1123 1437 1242 1509; x_wconf 89' lang='lat' dir='ltr'><strong>maiora</strong></span> <span class='ocrx_word' id='word_1_96' title='bbox 1264 1435 1359 1500; x_wconf 89' lang='lat' dir='ltr'><strong>etiam</strong></span> <span class='ocrx_word' id='word_1_97' title='bbox 1381 1457 1408 1496; x_wconf 83' lang='lat' dir='ltr'><strong>ro</strong></span> 
     </span>
     <span class='ocr_line' id='line_1_12' title="bbox 234 1542 1360 1626; baseline -0.002 -20"><span class='ocrx_word' id='word_1_98' title='bbox 234 1543 367 1607; x_wconf 75' lang='lat' dir='ltr'><strong>crimina</strong></span> <span class='ocrx_word' id='word_1_99' title='bbox 388 1543 450 1607; x_wconf 88' lang='lat' dir='ltr'><strong>alia</strong></span> <span class='ocrx_word' id='word_1_100' title='bbox 468 1543 622 1608; x_wconf 89' lang='lat' dir='ltr'><strong>inueniret</strong></span> <span class='ocrx_word' id='word_1_101' title='bbox 640 1562 710 1607; x_wconf 90' lang='lat' dir='ltr'><strong>eum</strong></span> <span class='ocrx_word' id='word_1_102' title='bbox 728 1543 932 1626; x_wconf 88' lang='lat' dir='ltr'><strong>prodeuntem</strong></span> <span class='ocrx_word' id='word_1_103' title='bbox 951 1547 1052 1608; x_wconf 90' lang='lat' dir='ltr'><strong>aetate</strong></span> <span class='ocrx_word' id='word_1_104' title='bbox 1071 1542 1219 1625; x_wconf 90' lang='lat' dir='ltr'><strong>ampliore</strong></span> <span class='ocrx_word' id='word_1_105' title='bbox 1237 1543 1360 1625; x_wconf 90' lang='lat' dir='ltr'><strong>postea·</strong></span> 
     </span>
    </p>

    <p class='ocr_par' dir='ltr' id='par_1_6' title="bbox 192 1645 1406 2158">
     <span class='ocr_line' id='line_1_13' title="bbox 192 1645 1360 1730; baseline -0.001 -18"><span class='ocrx_word' id='word_1_106' title='bbox 192 1647 211 1711; x_wconf 86' lang='lat'><strong>6</strong></span> <span class='ocrx_word' id='word_1_107' title='bbox 234 1667 294 1730; x_wconf 91' lang='lat' dir='ltr'><strong>que</strong></span> <span class='ocrx_word' id='word_1_108' title='bbox 318 1649 471 1713; x_wconf 90' lang='lat' dir='ltr'><strong>criminali</strong></span> <span class='ocrx_word' id='word_1_109' title='bbox 493 1649 609 1714; x_wconf 89' lang='lat' dir='ltr'><strong>iudicio</strong></span> <span class='ocrx_word' id='word_1_110' title='bbox 632 1668 720 1714; x_wconf 90' lang='lat' dir='ltr'><strong>reum</strong></span> <span class='ocrx_word' id='word_1_111' title='bbox 743 1650 862 1714; x_wconf 86' lang='lat' dir='ltr'><strong>factum</strong></span> <span class='ocrx_word' id='word_1_112' title='bbox 889 1650 990 1715; x_wconf 83' lang='lat' dir='ltr'><strong>acrius</strong></span> <span class='ocrx_word' id='word_1_113' title='bbox 1018 1649 1246 1714; x_wconf 90' lang='lat' dir='ltr'><strong>condemnaret.</strong></span> <span class='ocrx_word' id='word_1_114' title='bbox 1277 1645 1360 1712; x_wconf 89' lang='lat' dir='ltr'><strong>Nam</strong></span> 
     </span>
     <span class='ocr_line' id='line_1_14' title="bbox 233 1753 1362 1837; baseline 0.002 -20"><span class='ocrx_word' id='word_1_115' title='bbox 233 1755 313 1820; x_wconf 90' lang='lat' dir='ltr'><strong>iuter</strong></span> <span class='ocrx_word' id='word_1_116' title='bbox 344 1756 499 1820; x_wconf 90' lang='lat' dir='ltr'><strong>hominem</strong></span> <span class='ocrx_word' id='word_1_117' title='bbox 508 1767 518 1835; x_wconf 76' lang='grc' dir='ltr'><strong>Ιι</strong></span> <span class='ocrx_word' id='word_1_118' title='bbox 527 1761 559 1820; x_wconf 93' lang='lat' dir='ltr'><strong>et</strong></span> <span class='ocrx_word' id='word_1_119' title='bbox 590 1756 748 1820; x_wconf 89' lang='lat' dir='ltr'><strong>diabolum</strong></span> <span class='ocrx_word' id='word_1_120' title='bbox 777 1758 843 1820; x_wconf 88' lang='lat' dir='ltr'><strong>erat</strong></span> <span class='ocrx_word' id='word_1_121' title='bbox 865 1755 1008 1820; x_wconf 79' lang='lat' dir='ltr'><strong>Christus</strong></span> <span class='ocrx_word' id='word_1_122' title='bbox 1036 1755 1160 1820; x_wconf 89' lang='lat' dir='ltr'><strong>auditor</strong></span> <span class='ocrx_word' id='word_1_123' title='bbox 1185 1753 1302 1837; x_wconf 88' lang='lat' dir='ltr'><strong>pariter</strong></span> <span class='ocrx_word' id='word_1_124' title='bbox 1328 1758 1362 1819; x_wconf 90' lang='lat' dir='ltr'><strong>et</strong></span> 
     </span>
     <span class='ocr_line' id='line_1_15' title="bbox 232 1859 1361 1927; baseline 0 -2"><span class='ocrx_word' id='word_1_125' title='bbox 232 1860 325 1925; x_wconf 85' lang='lat' dir='ltr'><strong>iudex</strong></span> <span class='ocrx_word' id='word_1_126' title='bbox 354 1861 550 1926; x_wconf 88' lang='lat' dir='ltr'><strong>iustissimus</strong></span> <span class='ocrx_word' id='word_1_127' title='bbox 582 1865 614 1927; x_wconf 92' lang='lat' dir='ltr'><strong>et</strong></span> <span class='ocrx_word' id='word_1_128' title='bbox 644 1862 744 1927; x_wconf 90' lang='lat' dir='ltr'><strong>bonus</strong></span> <span class='ocrx_word' id='word_1_129' title='bbox 775 1861 806 1927; x_wconf 92' lang='lat' dir='ltr'><strong>in</strong></span> <span class='ocrx_word' id='word_1_130' title='bbox 840 1861 992 1927; x_wconf 86' lang='lat' dir='ltr'><strong>omnibus.</strong></span> <span class='ocrx_word' id='word_1_131' title='bbox 1028 1861 1141 1927; x_wconf 87' lang='lat' dir='ltr'><strong>Itidem</strong></span> <span class='ocrx_word' id='word_1_132' title='bbox 1174 1865 1205 1925; x_wconf 87' lang='lat' dir='ltr'><strong>et</strong></span> <span class='ocrx_word' id='word_1_133' title='bbox 1239 1859 1361 1925; x_wconf 90' lang='lat' dir='ltr'><strong>homini</strong></span> 
     </span>
     <span class='ocr_line' id='line_1_16' title="bbox 234 1966 1406 2051; baseline -0.004 -21"><span class='ocrx_word' id='word_1_134' title='bbox 234 1966 360 2050; x_wconf 90' lang='lat' dir='ltr'><strong>quidem</strong></span> <span class='ocrx_word' id='word_1_135' title='bbox 382 1967 414 2030; x_wconf 92' lang='lat' dir='ltr'><strong>in</strong></span> <span class='ocrx_word' id='word_1_136' title='bbox 437 1967 559 2033; x_wconf 92' lang='lat' dir='ltr'><strong>modico</strong></span> <span class='ocrx_word' id='word_1_137' title='bbox 581 1969 725 2050; x_wconf 78' lang='lat' dir='ltr'><strong>peccanti</strong></span> <span class='ocrx_word' id='word_1_138' title='bbox 747 1988 806 2034; x_wconf 93' lang='lat' dir='ltr'><strong>non</strong></span> <span class='ocrx_word' id='word_1_139' title='bbox 829 1968 977 2051; x_wconf 87' lang='lat' dir='ltr'><strong>pepercit,</strong></span> <span class='ocrx_word' id='word_1_140' title='bbox 1001 1967 1077 2032; x_wconf 89' lang='lat' dir='ltr'><strong>dans</strong></span> <span class='ocrx_word' id='word_1_141' title='bbox 1100 1967 1303 2031; x_wconf 88' lang='lat' dir='ltr'><strong>nihilominus</strong></span> <span class='ocrx_word' id='word_1_142' title='bbox 1327 1969 1361 2030; x_wconf 91' lang='lat' dir='ltr'><strong>et</strong></span> <span class='ocrx_word' id='word_1_143' title='bbox 1379 1984 1406 2027; x_wconf 80' lang='lat' dir='ltr'><strong>ra</strong></span> 
     </span>
     <span class='ocr_line' id='line_1_17' title="bbox 233 2073 1362 2158; baseline -0.001 -21"><span class='ocrx_word' id='word_1_144' title='bbox 233 2073 307 2137; x_wconf 89' lang='lat' dir='ltr'><strong>huic</strong></span> <span class='ocrx_word' id='word_1_145' title='bbox 334 2073 518 2157; x_wconf 89' lang='lat' dir='ltr'><strong>condignam</strong></span> <span class='ocrx_word' id='word_1_146' title='bbox 547 2075 733 2139; x_wconf 88' lang='lat' dir='ltr'><strong>sententiam</strong></span> <span class='ocrx_word' id='word_1_147' title='bbox 758 2075 846 2139; x_wconf 82' lang='lat' dir='ltr'><strong>iuxta</strong></span> <span class='ocrx_word' id='word_1_148' title='bbox 871 2077 1035 2158; x_wconf 89' lang='lat' dir='ltr'><strong>peccatum</strong></span> <span class='ocrx_word' id='word_1_149' title='bbox 1064 2073 1147 2157; x_wconf 89' lang='lat' dir='ltr'><strong>quod</strong></span> <span class='ocrx_word' id='word_1_150' title='bbox 1173 2073 1299 2151; x_wconf 88' lang='lat' dir='ltr'><strong>fecerat,</strong></span> <span class='ocrx_word' id='word_1_151' title='bbox 1329 2075 1362 2137; x_wconf 91' lang='lat' dir='ltr'><strong>et</strong></span> 
     </span>
    </p>

    <p class='ocr_par' dir='ltr' id='par_1_7' title="bbox 190 2178 1360 2263">
     <span class='ocr_line' id='line_1_18' title="bbox 190 2178 1360 2263; baseline 0.002 -22"><span class='ocrx_word' id='word_1_152' title='bbox 190 2178 356 2244; x_wconf 74' lang='lat' dir='ltr'><strong>Vdiabolo</strong></span> <span class='ocrx_word' id='word_1_153' title='bbox 394 2199 492 2261; x_wconf 88' lang='lat' dir='ltr'><strong>aeque</strong></span> <span class='ocrx_word' id='word_1_154' title='bbox 527 2181 632 2245; x_wconf 90' lang='lat' dir='ltr'><strong>locum</strong></span> <span class='ocrx_word' id='word_1_155' title='bbox 670 2181 878 2262; x_wconf 87' lang='lat' dir='ltr'><strong>paenitentiae</strong></span> <span class='ocrx_word' id='word_1_156' title='bbox 914 2181 1103 2263; x_wconf 89' lang='lat' dir='ltr'><strong>relinquens.</strong></span> <span class='ocrx_word' id='word_1_157' title='bbox 1144 2179 1214 2244; x_wconf 89' lang='lat' dir='ltr'><strong>Non</strong></span> <span class='ocrx_word' id='word_1_158' title='bbox 1252 2182 1360 2244; x_wconf 90' lang='lat' dir='ltr'><strong>autem</strong></span> 
     </span>
    </p>
   </div>
   <div class='ocr_carea' id='block_1_3' title="bbox 232 2283 1360 2474">
    <p class='ocr_par' dir='ltr' id='par_1_8' title="bbox 232 2283 1360 2474">
     <span class='ocr_line' id='line_1_19' title="bbox 232 2283 1360 2372; baseline 0 -24"><span class='ocrx_word' id='word_1_159' title='bbox 232 2285 433 2370; x_wconf 85' lang='lat' dir='ltr'><strong>intellegente</strong></span> <span class='ocrx_word' id='word_1_160' title='bbox 457 2285 590 2363; x_wconf 91' lang='lat' dir='ltr'><strong>diabolo,</strong></span> <span class='ocrx_word' id='word_1_161' title='bbox 613 2288 651 2349; x_wconf 92' lang='lat' dir='ltr'><strong>ut</strong></span> <span class='ocrx_word' id='word_1_162' title='bbox 675 2285 752 2349; x_wconf 90' lang='lat' dir='ltr'><strong>mali</strong></span> <span class='ocrx_word' id='word_1_163' title='bbox 777 2286 858 2350; x_wconf 87' lang='lat' dir='ltr'><strong>tanti</strong></span> <span class='ocrx_word' id='word_1_164' title='bbox 886 2286 1098 2372; x_wconf 86' lang='lat' dir='ltr'><strong>suggestionis</strong></span> <span class='ocrx_word' id='word_1_165' title='bbox 1126 2283 1360 2368; x_wconf 89' lang='lat' dir='ltr'><strong>poenitudinem</strong></span> 
     </span>
     <span class='ocr_line' id='line_1_20' title="bbox 234 2383 1358 2474; baseline -0.001 -19"><span class='ocrx_word' id='word_1_166' title='bbox 234 2383 363 2474; x_wconf 85' lang='lat' dir='ltr'><strong>gereret,</strong></span> <span class='ocrx_word' id='word_1_167' title='bbox 386 2391 488 2456; x_wconf 88' lang='lat' dir='ltr'><strong>maius</strong></span> <span class='ocrx_word' id='word_1_168' title='bbox 512 2391 542 2456; x_wconf 85' lang='lat' dir='ltr'><strong>ei</strong></span> <span class='ocrx_word' id='word_1_169' title='bbox 563 2395 636 2474; x_wconf 89' lang='lat' dir='ltr'><strong>post</strong></span> <span class='ocrx_word' id='word_1_170' title='bbox 663 2393 809 2457; x_wconf 89' lang='lat' dir='ltr'><strong>seruabat</strong></span> <span class='ocrx_word' id='word_1_171' title='bbox 838 2392 1001 2458; x_wconf 90' lang='lat' dir='ltr'><strong>iudicium.</strong></span> <span class='ocrx_word' id='word_1_172' title='bbox 1032 2393 1073 2456; x_wconf 81' lang='lat' dir='ltr'><strong>Et</strong></span> <span class='ocrx_word' id='word_1_173' title='bbox 1100 2393 1193 2457; x_wconf 90' lang='lat' dir='ltr'><strong>homo</strong></span> <span class='ocrx_word' id='word_1_174' title='bbox 1221 2389 1358 2473; x_wconf 90' lang='lat' dir='ltr'><strong>quidem,</strong></span> 
     </span>
    </p>
   </div>
   <div class='ocr_carea' id='block_1_4' title="bbox 188 2497 1408 3747">
    <p class='ocr_par' dir='ltr' id='par_1_9' title="bbox 231 2497 1408 2899">
     <span class='ocr_line' id='line_1_21' title="bbox 233 2497 1408 2581; baseline -0.005 -20"><span class='ocrx_word' id='word_1_175' title='bbox 233 2516 305 2561; x_wconf 91' lang='lat' dir='ltr'><strong>cum</strong></span> <span class='ocrx_word' id='word_1_176' title='bbox 327 2497 456 2579; x_wconf 85' lang='lat' dir='ltr'><strong>pellitur</strong></span> <span class='ocrx_word' id='word_1_177' title='bbox 478 2517 495 2562; x_wconf 93' lang='lat' dir='ltr'><strong>e</strong></span> <span class='ocrx_word' id='word_1_178' title='bbox 517 2497 671 2579; x_wconf 85' lang='lat' dir='ltr'><strong>paradiso,</strong></span> <span class='ocrx_word' id='word_1_179' title='bbox 694 2498 820 2580; x_wconf 90' lang='lat' dir='ltr'><strong>pronior</strong></span> <span class='ocrx_word' id='word_1_180' title='bbox 846 2499 886 2570; x_wconf 92' lang='lat' dir='ltr'><strong>ad</strong></span> <span class='ocrx_word' id='word_1_181' title='bbox 915 2498 1138 2581; x_wconf 89' lang='lat' dir='ltr'><strong>paenitentiam</strong></span> <span class='ocrx_word' id='word_1_182' title='bbox 1167 2497 1358 2580; x_wconf 89' lang='lat' dir='ltr'><strong>repperitur:</strong></span> <span class='ocrx_word' id='word_1_183' title='bbox 1378 2517 1408 2555; x_wconf 80' lang='lat' dir='ltr'><strong>ao</strong></span> 
     </span>
     <span class='ocr_line' id='line_1_22' title="bbox 233 2603 1359 2687; baseline -0.001 -20"><span class='ocrx_word' id='word_1_184' title='bbox 233 2603 374 2668; x_wconf 87' lang='lat' dir='ltr'><strong>diabolus</strong></span> <span class='ocrx_word' id='word_1_185' title='bbox 411 2607 527 2683; x_wconf 90' lang='lat' dir='ltr'><strong>autem,</strong></span> <span class='ocrx_word' id='word_1_186' title='bbox 568 2622 639 2667; x_wconf 91' lang='lat' dir='ltr'><strong>cum</strong></span> <span class='ocrx_word' id='word_1_187' title='bbox 681 2603 786 2669; x_wconf 91' lang='lat' dir='ltr'><strong>durior</strong></span> <span class='ocrx_word' id='word_1_188' title='bbox 826 2603 864 2668; x_wconf 92' lang='lat' dir='ltr'><strong>ad</strong></span> <span class='ocrx_word' id='word_1_189' title='bbox 904 2604 1127 2687; x_wconf 89' lang='lat' dir='ltr'><strong>paenitentiam</strong></span> <span class='ocrx_word' id='word_1_190' title='bbox 1166 2603 1359 2685; x_wconf 89' lang='lat' dir='ltr'><strong>peruidetur,</strong></span> 
     </span>
     <span class='ocr_line' id='line_1_23' title="bbox 231 2708 1359 2791; baseline -0.003 -17"><span class='ocrx_word' id='word_1_191' title='bbox 231 2709 380 2774; x_wconf 91' lang='lat' dir='ltr'><strong>maiorem</strong></span> <span class='ocrx_word' id='word_1_192' title='bbox 402 2709 501 2775; x_wconf 87' lang='lat' dir='ltr'><strong>futuri</strong></span> <span class='ocrx_word' id='word_1_193' title='bbox 522 2709 669 2775; x_wconf 81' lang='lat' dir='ltr'><strong>iudiciia</strong></span> <span class='ocrx_word' id='word_1_194' title='bbox 687 2708 811 2774; x_wconf 80' lang='lat' dir='ltr'><strong>Christo</strong></span> <span class='ocrx_word' id='word_1_195' title='bbox 835 2709 960 2775; x_wconf 92' lang='lat' dir='ltr'><strong>domino</strong></span> <span class='ocrx_word' id='word_1_196' title='bbox 983 2709 1185 2774; x_wconf 77' lang='lat' dir='ltr'><strong>serrerltatem</strong></span> <span class='ocrx_word' id='word_1_197' title='bbox 1206 2710 1359 2791; x_wconf 83' lang='lat' dir='ltr'><strong>expectat,</strong></span> 
     </span>
     <span class='ocr_line' id='line_1_24' title="bbox 233 2811 1357 2899; baseline 0.002 -21"><span class='ocrx_word' id='word_1_198' title='bbox 233 2815 316 2879; x_wconf 90' lang='lat' dir='ltr'><strong>sicut</strong></span> <span class='ocrx_word' id='word_1_199' title='bbox 338 2813 542 2880; x_wconf 87' lang='lat' dir='ltr'><strong>dictumest:</strong></span> <span class='ocrx_word' id='word_1_200' title='bbox 566 2811 709 2880; x_wconf 88' lang='lat' dir='ltr'><strong>Noluit</strong></span> <span class='ocrx_word' id='word_1_201' title='bbox 731 2815 987 2899; x_wconf 80' lang='lat' dir='ltr'><strong>intellegere,</strong></span> <span class='ocrx_word' id='word_1_202' title='bbox 1015 2818 1057 2879; x_wconf 90' lang='lat' dir='ltr'><strong>ut</strong></span> <span class='ocrx_word' id='word_1_203' title='bbox 1084 2814 1181 2879; x_wconf 89' lang='lat' dir='ltr'><strong>bene</strong></span> <span class='ocrx_word' id='word_1_204' title='bbox 1208 2818 1357 2898; x_wconf 87' lang='lat' dir='ltr'><strong>ageret.</strong></span> 
     </span>
    </p>

    <p class='ocr_par' dir='ltr' id='par_1_10' title="bbox 188 2919 1408 3324">
     <span class='ocr_line' id='line_1_25' title="bbox 188 2919 1357 3004; baseline 0.001 -18"><span class='ocrx_word' id='word_1_205' title='bbox 188 2920 271 2986; x_wconf 84' lang='lat' dir='ltr'><strong>8llt</strong></span> <span class='ocrx_word' id='word_1_206' title='bbox 292 2919 421 2984; x_wconf 87' lang='lat' dir='ltr'><strong>iterum:</strong></span> <span class='ocrx_word' id='word_1_207' title='bbox 453 2920 653 2985; x_wconf 87' lang='lat' dir='ltr'><strong>Malitiam</strong></span> <span class='ocrx_word' id='word_1_208' title='bbox 686 2924 815 2986; x_wconf 91' lang='lat' dir='ltr'><strong>autem</strong></span> <span class='ocrx_word' id='word_1_209' title='bbox 847 2940 920 2986; x_wconf 92' lang='lat' dir='ltr'><strong>non</strong></span> <span class='ocrx_word' id='word_1_210' title='bbox 953 2921 1093 2988; x_wconf 89' lang='lat' dir='ltr'><strong>odiuit.</strong></span> <span class='ocrx_word' id='word_1_211' title='bbox 1126 2919 1207 3000; x_wconf 88' lang='lat' dir='ltr'><strong>Quia</strong></span> <span class='ocrx_word' id='word_1_212' title='bbox 1228 2940 1300 3004; x_wconf 90' lang='lat' dir='ltr'><strong>ergo</strong></span> <span class='ocrx_word' id='word_1_213' title='bbox 1324 2923 1357 2987; x_wconf 93' lang='lat' dir='ltr'><strong>iu</strong></span> 
     </span>
     <span class='ocr_line' id='line_1_26' title="bbox 231 3027 1408 3110; baseline -0.001 -21"><span class='ocrx_word' id='word_1_214' title='bbox 231 3044 327 3109; x_wconf 86' lang='lat' dir='ltr'><strong>paruo</strong></span> <span class='ocrx_word' id='word_1_215' title='bbox 349 3044 480 3108; x_wconf 88' lang='lat' dir='ltr'><strong>peccans</strong></span> <span class='ocrx_word' id='word_1_216' title='bbox 502 3056 547 3095; x_wconf 58' lang='lat' dir='ltr'><strong>*aa</strong></span> <span class='ocrx_word' id='word_1_217' title='bbox 570 3027 689 3109; x_wconf 89' lang='lat' dir='ltr'><strong>recepit</strong></span> <span class='ocrx_word' id='word_1_218' title='bbox 709 3027 819 3104; x_wconf 83' lang='lat' dir='ltr'><strong>Adam,</strong></span> <span class='ocrx_word' id='word_1_219' title='bbox 842 3046 1011 3110; x_wconf 88' lang='lat' dir='ltr'><strong>persuasus</strong></span> <span class='ocrx_word' id='word_1_220' title='bbox 1030 3046 1048 3091; x_wconf 90' lang='lat' dir='ltr'><strong>a</strong></span> <span class='ocrx_word' id='word_1_221' title='bbox 1067 3027 1190 3093; x_wconf 88' lang='lat' dir='ltr'><strong>diabolo</strong></span> <span class='ocrx_word' id='word_1_222' title='bbox 1213 3032 1249 3092; x_wconf 90' lang='lat' dir='ltr'><strong>ut</strong></span> <span class='ocrx_word' id='word_1_223' title='bbox 1271 3047 1358 3092; x_wconf 90' lang='lat' dir='ltr'><strong>man·</strong></span> <span class='ocrx_word' id='word_1_224' title='bbox 1377 3045 1408 3088; x_wconf 79' lang='lat' dir='ltr'><strong>ac</strong></span> 
     </span>
     <span class='ocr_line' id='line_1_27' title="bbox 232 3132 1358 3216; baseline 0.001 -20"><span class='ocrx_word' id='word_1_225' title='bbox 232 3132 369 3209; x_wconf 87' lang='lat' dir='ltr'><strong>ducaret,</strong></span> <span class='ocrx_word' id='word_1_226' title='bbox 396 3132 522 3216; x_wconf 90' lang='lat' dir='ltr'><strong>egitque</strong></span> <span class='ocrx_word' id='word_1_227' title='bbox 549 3133 657 3198; x_wconf 88' lang='lat' dir='ltr'><strong>statim</strong></span> <span class='ocrx_word' id='word_1_228' title='bbox 683 3133 927 3215; x_wconf 88' lang='lat' dir='ltr'><strong>paenitudinem,</strong></span> <span class='ocrx_word' id='word_1_229' title='bbox 954 3134 1071 3200; x_wconf 90' lang='lat' dir='ltr'><strong>meruit</strong></span> <span class='ocrx_word' id='word_1_230' title='bbox 1097 3134 1204 3199; x_wconf 92' lang='lat' dir='ltr'><strong>delicti</strong></span> <span class='ocrx_word' id='word_1_231' title='bbox 1230 3133 1358 3198; x_wconf 87' lang='lat' dir='ltr'><strong>ueniam</strong></span> 
     </span>
     <span class='ocr_line' id='line_1_28' title="bbox 231 3238 1358 3324; baseline 0.004 -24"><span class='ocrx_word' id='word_1_232' title='bbox 231 3238 394 3322; x_wconf 85' lang='lat' dir='ltr'><strong>inpetrare,</strong></span> <span class='ocrx_word' id='word_1_233' title='bbox 418 3241 511 3321; x_wconf 89' lang='lat' dir='ltr'><strong>atque</strong></span> <span class='ocrx_word' id='word_1_234' title='bbox 533 3239 565 3303; x_wconf 91' lang='lat' dir='ltr'><strong>in</strong></span> <span class='ocrx_word' id='word_1_235' title='bbox 587 3239 767 3323; x_wconf 89' lang='lat' dir='ltr'><strong>paradisum</strong></span> <span class='ocrx_word' id='word_1_236' title='bbox 788 3241 820 3304; x_wconf 93' lang='lat' dir='ltr'><strong>in</strong></span> <span class='ocrx_word' id='word_1_237' title='bbox 845 3240 959 3306; x_wconf 81' lang='lat' dir='ltr'><strong>christi</strong></span> <span class='ocrx_word' id='word_1_238' title='bbox 986 3241 1194 3324; x_wconf 89' lang='lat' dir='ltr'><strong>praesentiam</strong></span> <span class='ocrx_word' id='word_1_239' title='bbox 1220 3239 1358 3305; x_wconf 81' lang='lat' dir='ltr'><strong>filiorum</strong></span> 
     </span>
    </p>

    <p class='ocr_par' dir='ltr' id='par_1_11' title="bbox 188 3343 1405 3747">
     <span class='ocr_line' id='line_1_29' title="bbox 188 3343 1361 3430; baseline 0.001 -20"><span class='ocrx_word' id='word_1_240' title='bbox 188 3343 325 3410; x_wconf 89' lang='lat' dir='ltr'><strong>9etiam</strong></span> <span class='ocrx_word' id='word_1_241' title='bbox 362 3345 573 3428; x_wconf 91' lang='lat' dir='ltr'><strong>procreatione</strong></span> <span class='ocrx_word' id='word_1_242' title='bbox 607 3364 754 3411; x_wconf 86' lang='lat' dir='ltr'><strong>remeare.</strong></span> <span class='ocrx_word' id='word_1_243' title='bbox 795 3346 947 3411; x_wconf 88' lang='lat' dir='ltr'><strong>Diabolus</strong></span> <span class='ocrx_word' id='word_1_244' title='bbox 988 3349 1103 3424; x_wconf 89' lang='lat' dir='ltr'><strong>autem,</strong></span> <span class='ocrx_word' id='word_1_245' title='bbox 1143 3365 1205 3411; x_wconf 92' lang='lat' dir='ltr'><strong>non</strong></span> <span class='ocrx_word' id='word_1_246' title='bbox 1245 3360 1361 3430; x_wconf 86' lang='lat' dir='ltr'><strong>gerens</strong></span> 
     </span>
     <span class='ocr_line' id='line_1_30' title="bbox 230 3449 1359 3532; baseline 0.003 -19"><span class='ocrx_word' id='word_1_247' title='bbox 230 3449 473 3532; x_wconf 87' lang='lat' dir='ltr'><strong>paenitudinem,</strong></span> <span class='ocrx_word' id='word_1_248' title='bbox 497 3451 619 3515; x_wconf 90' lang='lat' dir='ltr'><strong>eteius</strong></span> <span class='ocrx_word' id='word_1_249' title='bbox 643 3451 796 3517; x_wconf 86' lang='lat' dir='ltr'><strong>satellites</strong></span> <span class='ocrx_word' id='word_1_250' title='bbox 819 3452 930 3516; x_wconf 88' lang='lat' dir='ltr'><strong>maiori</strong></span> <span class='ocrx_word' id='word_1_251' title='bbox 951 3452 1067 3518; x_wconf 91' lang='lat' dir='ltr'><strong>iudicio</strong></span> <span class='ocrx_word' id='word_1_252' title='bbox 1090 3454 1297 3531; x_wconf 88' lang='lat' dir='ltr'><strong>reseruantur,</strong></span> <span class='ocrx_word' id='word_1_253' title='bbox 1319 3455 1359 3516; x_wconf 90' lang='lat' dir='ltr'><strong>ut</strong></span> 
     </span>
     <span class='ocr_line' id='line_1_31' title="bbox 232 3554 1405 3641; baseline -0.001 -22"><span class='ocrx_word' id='word_1_254' title='bbox 232 3554 309 3619; x_wconf 82' lang='lat' dir='ltr'><strong>dixit</strong></span> <span class='ocrx_word' id='word_1_255' title='bbox 339 3555 497 3620; x_wconf 87' lang='lat' dir='ltr'><strong>dominus:</strong></span> <span class='ocrx_word' id='word_1_256' title='bbox 533 3556 594 3620; x_wconf 90' lang='lat' dir='ltr'><strong>Ite</strong></span> <span class='ocrx_word' id='word_1_257' title='bbox 626 3575 644 3620; x_wconf 90' lang='lat' dir='ltr'><strong>a</strong></span> <span class='ocrx_word' id='word_1_258' title='bbox 675 3575 732 3638; x_wconf 80' lang='lat' dir='ltr'><strong>me</strong></span> <span class='ocrx_word' id='word_1_259' title='bbox 762 3557 800 3620; x_wconf 93' lang='lat' dir='ltr'><strong>in</strong></span> <span class='ocrx_word' id='word_1_260' title='bbox 833 3557 965 3641; x_wconf 89' lang='lat' dir='ltr'><strong>ignem</strong></span> <span class='ocrx_word' id='word_1_261' title='bbox 998 3559 1212 3636; x_wconf 87' lang='lat' dir='ltr'><strong>aeternum,</strong></span> <span class='ocrx_word' id='word_1_262' title='bbox 1242 3576 1405 3639; x_wconf 81' lang='lat' dir='ltr'><strong>quernae</strong></span> 
     </span>
     <span class='ocr_line' id='line_1_32' title="bbox 231 3661 1204 3747; baseline 0.004 -23"><span class='ocrx_word' id='word_1_263' title='bbox 231 3661 391 3742; x_wconf 89' lang='lat' dir='ltr'><strong>parauit</strong></span> <span class='ocrx_word' id='word_1_264' title='bbox 411 3664 525 3744; x_wconf 86' lang='lat' dir='ltr'><strong>pater</strong></span> <span class='ocrx_word' id='word_1_265' title='bbox 546 3681 653 3727; x_wconf 87' lang='lat' dir='ltr'><strong>meus</strong></span> <span class='ocrx_word' id='word_1_266' title='bbox 677 3661 838 3727; x_wconf 90' lang='lat' dir='ltr'><strong>diabolo</strong></span> <span class='ocrx_word' id='word_1_267' title='bbox 863 3665 902 3727; x_wconf 90' lang='lat' dir='ltr'><strong>et</strong></span> <span class='ocrx_word' id='word_1_268' title='bbox 924 3663 1084 3747; x_wconf 85' lang='lat' dir='ltr'><strong>angelis</strong></span> <span class='ocrx_word' id='word_1_269' title='bbox 1108 3663 1204 3728; x_wconf 87' lang='lat' dir='ltr'><strong>eius.</strong></span> 
     </span>
    </p>
   </div>
   <div class='ocr_carea' id='block_1_5' title="bbox 317 3807 1313 3866">
    <p class='ocr_par' dir='ltr' id='par_1_12' title="bbox 317 3807 1313 3866">
     <span class='ocr_line' id='line_1_33' title="bbox 317 3807 1313 3866; baseline -0.002 -1"><span class='ocrx_word' id='word_1_270' title='bbox 317 3811 352 3865; x_wconf 74' lang='lat'><strong>28</strong></span> <span class='ocrx_word' id='word_1_271' title='bbox 368 3808 466 3862; x_wconf 68' lang='lat' dir='ltr'><strong>Pruna</strong></span> <span class='ocrx_word' id='word_1_272' title='bbox 484 3807 581 3862; x_wconf 82' lang='lat' dir='ltr'>XXXV</span> <span class='ocrx_word' id='word_1_273' title='bbox 598 3809 617 3863; x_wconf 82' lang='lat'>4</span> <span class='ocrx_word' id='word_1_274' title='bbox 667 3810 705 3865; x_wconf 80' lang='lat'><strong>24</strong></span> <span class='ocrx_word' id='word_1_275' title='bbox 722 3808 820 3865; x_wconf 84' lang='lat' dir='ltr'><strong>Psalm.</strong></span> <span class='ocrx_word' id='word_1_276' title='bbox 837 3809 936 3864; x_wconf 83' lang='lat' dir='ltr'>XXXV</span> <span class='ocrx_word' id='word_1_277' title='bbox 953 3811 969 3864; x_wconf 84' lang='lat'>5</span> <span class='ocrx_word' id='word_1_278' title='bbox 1022 3811 1058 3866; x_wconf 72' lang='lat'><strong>30</strong></span> <span class='ocrx_word' id='word_1_279' title='bbox 1074 3809 1171 3863; x_wconf 79' lang='lat' dir='ltr'><strong>Mareu</strong></span> <span class='ocrx_word' id='word_1_280' title='bbox 1189 3808 1262 3863; x_wconf 87' lang='lat' dir='ltr'><strong>XXV</strong></span> <span class='ocrx_word' id='word_1_281' title='bbox 1278 3809 1313 3864; x_wconf 83' lang='lat'><strong>41</strong></span> 
     </span>
    </p>
   </div>
   <div class='ocr_carea' id='block_1_6' title="bbox 230 3912 1357 4246">
    <p class='ocr_par' dir='ltr' id='par_1_13' title="bbox 230 3912 1357 4246">
     <span class='ocr_line' id='line_1_34' title="bbox 266 3912 1357 3985; baseline 0.003 -18"><span class='ocrx_word' id='word_1_282' title='bbox 266 3912 462 3983; x_wconf 87' lang='lat' dir='ltr'><strong>lpellerentur</strong></span> <span class='ocrx_word' id='word_1_283' title='bbox 512 3913 637 3969; x_wconf 71' lang='lat' dir='ltr'><strong>deieA¹</strong></span> <span class='ocrx_word' id='word_1_284' title='bbox 689 3915 890 3983; x_wconf 73' lang='lat' dir='ltr'><strong>dpellerentur</strong></span> <span class='ocrx_word' id='word_1_285' title='bbox 902 3913 943 3969; x_wconf 75' lang='lat' dir='ltr'><strong>A²</strong></span> <span class='ocrx_word' id='word_1_286' title='bbox 994 3918 1054 3972; x_wconf 77' lang='lat' dir='ltr'><strong>Set</strong></span> <span class='ocrx_word' id='word_1_287' title='bbox 1106 3917 1138 3973; x_wconf 93' lang='lat' dir='ltr'><strong>ll</strong></span> <span class='ocrx_word' id='word_1_288' title='bbox 1153 3916 1357 3985; x_wconf 76' lang='lat' dir='ltr'><strong>crimen(euper</strong></span> 
     </span>
     <span class='ocr_line' id='line_1_35' title="bbox 230 3989 1354 4077; baseline 0.005 -23"><span class='ocrx_word' id='word_1_289' title='bbox 230 4000 351 4056; x_wconf 73' lang='lat' dir='ltr'><strong>ruliaco</strong></span> <span class='ocrx_word' id='word_1_290' title='bbox 369 3999 459 4072; x_wconf 63' lang='lat' dir='ltr'><strong>noea)</strong></span> <span class='ocrx_word' id='word_1_291' title='bbox 533 4000 681 4071; x_wconf 88' lang='lat' dir='ltr'><strong>prodeunte</strong></span> <span class='ocrx_word' id='word_1_292' title='bbox 699 3989 750 4074; x_wconf 74' lang='lat' dir='ltr'><strong>(era</strong></span> <span class='ocrx_word' id='word_1_293' title='bbox 769 4002 921 4077; x_wconf 21' lang='lat' dir='ltr'><strong>ortena),</strong></span> <span class='ocrx_word' id='word_1_294' title='bbox 971 4007 1005 4062; x_wconf 78' lang='lat' dir='ltr'><strong>ld</strong></span> <span class='ocrx_word' id='word_1_295' title='bbox 1021 4004 1127 4074; x_wconf 85' lang='lat' dir='ltr'><strong>peccati</strong></span> <span class='ocrx_word' id='word_1_296' title='bbox 1145 4006 1196 4071; x_wconf 83' lang='lat' dir='ltr'><strong>(em</strong></span> <span class='ocrx_word' id='word_1_297' title='bbox 1216 4002 1354 4071; x_wconf 76' lang='lat' dir='ltr'><strong>oeolaao)</strong></span> 
     </span>
     <span class='ocr_line' id='line_1_36' title="bbox 232 4089 1357 4158; baseline 0.003 -14"><span class='ocrx_word' id='word_1_298' title='bbox 232 4089 267 4146; x_wconf 84' lang='lat'><strong>18</strong></span> <span class='ocrx_word' id='word_1_299' title='bbox 283 4089 367 4143; x_wconf 84' lang='lat' dir='ltr'><strong>tantis</strong></span> <span class='ocrx_word' id='word_1_300' title='bbox 430 4089 465 4145; x_wconf 79' lang='grc'><strong>19</strong></span> <span class='ocrx_word' id='word_1_301' title='bbox 483 4105 511 4143; x_wconf 86' lang='lat' dir='ltr'><strong>es</strong></span> <span class='ocrx_word' id='word_1_302' title='bbox 571 4091 606 4145; x_wconf 90' lang='grc'><strong>22</strong></span> <span class='ocrx_word' id='word_1_303' title='bbox 624 4090 781 4144; x_wconf 84' lang='lat' dir='ltr'><strong>seruitutem</strong></span> <span class='ocrx_word' id='word_1_304' title='bbox 800 4092 852 4158; x_wconf 82' lang='lat' dir='ltr'><strong>(em</strong></span> <span class='ocrx_word' id='word_1_305' title='bbox 871 4090 1040 4158; x_wconf 70' lang='lat' dir='ltr'><strong>occardus)</strong></span> <span class='ocrx_word' id='word_1_306' title='bbox 1100 4093 1136 4148; x_wconf 72' lang='lat'><strong>25</strong></span> <span class='ocrx_word' id='word_1_307' title='bbox 1153 4091 1253 4146; x_wconf 72' lang='lat' dir='ltr'><strong>excidit</strong></span> <span class='ocrx_word' id='word_1_308' title='bbox 1268 4092 1357 4147; x_wconf 74' lang='lat' dir='ltr'><strong>ueluti</strong></span> 
     </span>
     <span class='ocr_line' id='line_1_37' title="bbox 230 4176 742 4246; baseline 0.002 -15"><span class='ocrx_word' id='word_1_309' title='bbox 230 4177 344 4231; x_wconf 77' lang='lat' dir='ltr'><strong>fructum</strong></span> <span class='ocrx_word' id='word_1_310' title='bbox 363 4176 396 4231; x_wconf 91' lang='lat' dir='ltr'><strong>de</strong></span> <span class='ocrx_word' id='word_1_311' title='bbox 413 4177 488 4246; x_wconf 88' lang='lat' dir='ltr'><strong>ligno</strong></span> <span class='ocrx_word' id='word_1_312' title='bbox 506 4178 579 4232; x_wconf 88' lang='lat' dir='ltr'><strong>uitae</strong></span> <span class='ocrx_word' id='word_1_313' title='bbox 597 4178 742 4233; x_wconf 60' lang='lat' dir='ltr'><strong>etmuliore</strong></span> 
     </span>
    </p>
   </div>
   <div class='ocr_carea' id='block_1_7' title="bbox 0 0 1444 4620">
    <p class='ocr_par' dir='ltr' id='par_1_14' title="bbox 0 0 1444 4620">
     <span class='ocr_line' id='line_1_38' title="bbox 0 0 1444 4620; baseline 0 0"><span class='ocrx_word' id='word_1_314' title='bbox 0 0 1444 4620; x_wconf 95' lang='lat' dir='ltr'><strong> </strong></span> 
     </span>
    </p>
   </div>
  </div>
 </body>
</html>
