2866 4614
709 501 769 565 XV

216 644 294 708 Post
315 644 399 708 buno
418 642 607 710 Colorbasus
630 682 659 713 u
681 645 734 726 qui
758 643 904 710 similiter
925 642 957 707 in
979 643 1095 708 litteris
1119 644 1151 708 et
1172 662 1300 708 numero
1318 663 1408 720 xpm

179 749 398 815 elementorum
422 753 638 833 astrorumque
662 753 783 833 septem
806 749 905 815 uitam
929 749 1068 814 omnium
1090 748 1252 814 hominum
1269 751 1302 814 et

178 856 404 938 generationem
435 857 605 926 consistere
638 855 810 932 adserebat,
843 874 903 920 non
934 856 966 919 iu
994 855 1111 922 Christi
1136 854 1300 919 maiestate

141 985 157 1024 s
177 965 205 1026 et
225 961 375 1044 potentia,
398 981 499 1045 neque
516 961 548 1025 in
566 962 668 1045 ipsius
688 961 803 1026 cameli
820 960 996 1045 praesentia
1014 979 1120 1025 ueram
1138 960 1300 1025 hominum

177 1068 290 1150 sperari
313 1068 448 1133 salutern
473 1069 665 1133 aduertebat.

701 1226 775 1291 XVI

216 1364 336 1432 Cerdon
360 1369 466 1432 autem
489 1367 618 1449 quidam
638 1367 771 1431 surrexit
792 1368 866 1450 post
887 1367 955 1445 hos,
981 1365 1072 1448 peius
1100 1365 1166 1430 suis
1193 1365 1300 1430 docto·
1315 1379 1400 1434 mv

176 1471 257 1537 ribus
284 1472 558 1556 praedicanst,qui
586 1492 657 1537 cum
684 1472 826 1538 uenisset
851 1473 984 1537 Romam
1011 1471 1049 1535 de
1073 1470 1171 1554 Syria,
1204 1488 1299 1535 ausus

119 1598 159 1638 ιο
178 1580 222 1642 sst
248 1571 350 1643 dicere
378 1579 439 1643 duo
468 1597 537 1644 esse
564 1579 727 1662 principia,
754 1578 786 1643 id
814 1581 987 1644 estonum
1014 1577 1107 1642 deum
1128 1575 1245 1641 bonum
1269 1578 1300 1640 et

168 1700 269 1746 unum
292 1685 421 1763 malum,
445 1688 477 1749 et
500 1685 593 1750 deum
617 1684 742 1768 quidem
764 1685 880 1750 bonum
902 1685 984 1750 bona
1001 1684 1112 1762 facero,
1133 1685 1165 1747 et
1182 1683 1300 1746 molum

176 1790 262 1854 male.
285 1789 392 1855 Iesum
417 1793 518 1856 autem
543 1793 731 1856 saluatorem
755 1810 816 1856 non
838 1793 946 1858 natum
969 1789 1086 1854 adserit
1107 1788 1145 1853 de
1167 1788 1298 1872 uirgine,
1322 1790 1341 1853 2

176 1912 226 1959 neo
255 1896 437 1979 apparuisse
464 1897 495 1961 in
524 1915 624 1975 carne,
652 1917 708 1962 nec
733 1897 770 1962 de
794 1897 878 1962 caelo
902 1895 1111 1974 descendisse,
1134 1894 1189 1960 sed
1211 1897 1300 1977 puta-

176 1999 235 2064 tiue
258 2002 365 2066 uisum
388 2002 486 2066 fuisse
509 2003 700 2082 hominibus,
724 2003 778 2086 qui
800 2022 861 2068 non
883 2002 1058 2080 uidebatur,
1080 2000 1192 2082 inquit,
1215 2018 1298 2078 uere,

127 2123 162 2164 15
177 2105 226 2169 sod
256 2110 323 2172 erat
354 2108 477 2173 umbra:
514 2109 597 2173 unde
634 2113 666 2174 et
699 2109 868 2192 putabatur
895 2108 1092 2191 'quibusdam
1126 2105 1202 2188 pati,
1237 2124 1298 2170 non

176 2211 274 2278 tamen
296 2233 371 2279 uere
394 2215 581 2298 patiebatur.

687 2374 779 2438 XVII

212 2513 354 2578 Marcion
377 2516 483 2578 eutem
508 2513 681 2597 discipulus
706 2516 783 2594 eius,
803 2534 914 2601 genere
932 2514 1093 2592 Ponticus,
1113 2514 1150 2578 de
1169 2513 1297 2578 ciuitate
1314 2529 1385 2584 XLV

169 2612 294 2701 Sinope.
332 2620 442 2684 urbem
476 2620 609 2685 Romam
645 2621 781 2700 deuenit,
816 2622 922 2705 ibique
951 2621 1075 2704 degens
1116 2620 1299 2685 sceleratam

127 2733 150 2774 ¹⁰
166 2718 304 2791 heresim
323 2726 506 2804 seminabat,
526 2729 619 2809 atque
637 2728 831 2812 interrogans
849 2728 1038 2811 presbiteros
1057 2729 1182 2792 sanctos
1202 2726 1298 2790 eccle-

162 2831 232 2897 siae
265 2832 438 2897 catholicae
471 2851 583 2897 sensus
615 2833 665 2898 sui
697 2833 741 2897 eis
774 2833 885 2898 erroris
917 2833 1069 2898 mortiferi
1095 2831 1297 2914 proponebat,

160 2933 274 3004 dicens
297 2938 357 3002 ita:
382 2935 465 3018 Quid
489 2942 545 3016 est,
565 2939 676 3020 inquit,
698 2939 782 3021 quod
799 2938 831 3003 in
851 2939 1012 3022 euangelio
1032 2939 1154 3003 dicente
1173 2936 1295 3000 domino
1317 3006 1319 3009 ,

157 3045 320 3128 scriptum
346 3048 408 3108 est:
432 3044 545 3109 Nemo
568 3064 726 3128 pennum
748 3045 876 3109 rudem
898 3045 1024 3109 mittet
1042 3045 1078 3108 in
1096 3042 1296 3108 uastiman·
1320 3045 1339 3107 2

154 3146 244 3214 tum
276 3154 400 3228 uetus,
439 3170 555 3233 neque
590 3150 719 3215 uinum
755 3147 962 3235 nouumiiin
998 3153 1101 3214 utres
1137 3152 1296 3234 ueteres,
1401 3164 1404 3169 ·

119 3258 125 3297 ⁵
154 3256 336 3338 alioquin
373 3260 594 3339 rumpuntur
625 3260 739 3335 utres,
771 3259 808 3322 et
838 3256 1047 3322 effunditur
1077 3254 1225 3320 uinum?
1255 3253 1297 3316 Et

149 3353 295 3427 iterum:
319 3361 349 3425 N
355 3381 397 3426 on
421 3365 479 3427 est
502 3363 608 3427 arbor
628 3363 722 3428 bona
745 3378 836 3446 quae
858 3362 951 3428 facit
968 3362 1102 3426 malurn
1122 3361 1295 3440 fructum,

254 3606 290 3661 aa
307 3603 371 3657 nuc.
389 3602 413 3656 v
432 3603 466 3660 eo
519 3586 744 3660 renierus

202 3749 220 3802 2
238 3743 392 3800 colorbasus
411 3744 457 3813 qui
474 3744 501 3798 A
520 3744 592 3798 color
609 3743 704 3798 bassus
722 3744 749 3798 Β
810 3743 911 3797 eccidit
928 3742 1036 3812 quidam
1053 3742 1167 3796 surrexit
1218 3746 1294 3801 431-

162 3833 277 3887 serebat
294 3832 322 3885 A
374 3832 438 3888 bin
455 3830 541 3902 ipsius
559 3831 586 3885 Β
603 3831 688 3902 ipsius
705 3831 733 3884 A
804 3847 867 3885 uera
884 3832 912 3885 A
971 3830 1146 3901 bpredicant
1163 3830 1190 3884 A
1261 3831 1294 3885 de

167 3922 241 3989 syria
257 3923 285 3975 Β
304 3919 437 3975 desideria
455 3919 482 3973 A
540 3921 574 3977 13
590 3936 639 3974 nec
658 3918 691 3972 de
710 3919 783 3974 caelo
801 3919 828 3971 Β
846 3918 972 3973 nedecelo
990 3919 1017 3972 A
1086 3917 1294 3987 potentiue-scd

169 4023 215 4062 em
231 4013 257 4062 A
356 3999 389 4063 16
404 4011 462 4062 tam
480 4007 507 4061 A
594 4008 631 4063 20
647 4006 815 4077 presbyteros
833 4006 861 4060 Β
947 4008 981 4064 21
1001 4022 1101 4060 errores
1119 4004 1247 4059 mortiferi
1265 4007 1292 4060 A

172 4109 283 4151 errorem
300 4095 468 4150 mortiferum
485 4096 512 4149 Β
568 4097 604 4150 23
619 4094 747 4148 mittitB
802 4095 838 4150 25
856 4095 991 4164 aliumque
1009 4094 1036 4148 A
1093 4098 1250 4164 mmpentur
1266 4093 1293 4146 Β

209 4184 333 4240 effoditur
350 4182 378 4236 A
396 4183 548 4253 effundetur
565 4183 592 4236 Β
643 4184 678 4238 26
695 4181 778 4237 faciat
794 4182 822 4235 Β
