2858 4620
158 319 203 382 IV
581 316 864 385 Prolegomena

158 507 243 570 uenit
273 507 417 570 domibus
447 511 550 571 cester
580 506 669 571 Iesus
699 507 837 572 calcator
867 509 902 572 ab
932 529 1025 573 corne
1058 510 1290 594 pullulauerint

159 613 259 676 dicere
287 617 403 693 oportet
427 631 647 697 numerumque
669 633 775 677 earum
797 613 950 695 paulatim
977 635 1133 697 capacem.
1166 618 1201 682 In
1229 619 1287 684 illo

159 718 258 802 igilur
274 718 473 801 Augustinus
492 717 575 800 quod
598 718 689 783 modo
708 719 889 802 perlegerat.
901 721 1068 802 exemplari
1085 740 1196 786 nomen
1216 743 1290 790 auc-

159 824 237 888 toris
269 824 432 908 legebatur
458 822 607 886 Filostre'r'
634 826 665 887 et
690 824 911 889 recordabatur
933 826 1131 910 Augustinus
1159 832 1191 893 et
1222 829 1288 912 epi-

161 931 248 1013 scopi
271 930 440 994 Brixiensis
463 948 612 1012 personae
635 934 667 993 et
689 930 823 994 nominis
848 931 927 998 eius.

203 1035 313 1118 Neque
335 1037 366 1100 in
388 1036 610 1120 martyrologio
633 1035 688 1100 illo
714 1036 797 1118 quod
813 1037 995 1122 Hieronymi
1013 1040 1137 1104 nomino
1156 1041 1288 1110 circum·

160 1143 259 1206 fertru·
281 1147 423 1207 ornatum
447 1141 529 1206 edito
554 1161 573 1206 a
594 1141 618 1208 Ι.
638 1143 675 1206 Β.
695 1142 733 1206 de
756 1142 850 1208 Rossi
867 1143 902 1209 L.
922 1144 1087 1210 Duchesne
1110 1148 1189 1211 Acta
1212 1147 1288 1212 San-

161 1253 282 1314 ctorum
305 1248 492 1314 Nouembris
512 1247 545 1311 ¹II
563 1248 718 1313 Bruxellis
741 1251 824 1314 1894
842 1249 982 1315 Filastrii
1000 1271 1109 1317 nomen
1128 1252 1290 1317 inuenitur

160 1374 260 1437 neque
283 1353 313 1418 in
336 1354 465 1437 reliquis
488 1352 717 1419 uetustioribus
740 1355 938 1420 Kalendariis
961 1357 1012 1443 (B.
1029 1357 1102 1440 Bgli
1120 1357 1289 1423 Altobrist

160 1461 241 1525 liche
261 1460 390 1526 Studien
409 1462 522 1526 Zurich
539 1462 621 1527 1887
637 1480 669 1543 p.
685 1462 748 1526 103
761 1461 842 1526 Acta
856 1460 1038 1527 Sanctorum
1056 1462 1131 1526 Iulii
1148 1465 1226 1530 tom.
1241 1465 1289 1528 IV

160 1567 337 1649 Antuerpae
362 1568 445 1630 1725
473 1586 504 1648 p.
528 1568 592 1631 383
616 1565 652 1652 C)
680 1586 781 1650 neque
809 1568 885 1632 dum
910 1568 992 1632 inter
1013 1569 1106 1632 uiuos
1129 1569 1191 1633 fuit
1212 1568 1289 1634 scri·

160 1677 280 1757 ptorem
303 1693 402 1756 neque
426 1677 551 1739 auctore
569 1677 693 1739 mortuo
711 1673 828 1739 librum
847 1674 884 1739 de
903 1674 1084 1739 haeresibus
1104 1674 1289 1742 eruditionis

161 1784 215 1845 aut
243 1781 399 1845 doctrinae
427 1781 527 1865 gloria
552 1779 708 1865 insignem
734 1771 834 1845 fuisse
857 1784 889 1845 et
910 1781 1081 1866 Augustini
1103 1781 1209 1846 uerbis
1232 1781 1289 1864 qui

161 1887 319 1969 scripserit
349 1887 521 1951 Filastrius
557 1887 684 1968 quidam
717 1886 872 1952 euinoitur
903 1891 934 1950 el
967 1885 1118 1952 Gennadii
1154 1887 1288 1952 aliorum

160 1993 295 2060 silentio.
328 1993 457 2057 Viderat
483 2013 555 2058 eum
583 1992 781 2079 Augustinus
803 1991 974 2058 Mediolani
1000 1992 1082 2057 inter
1104 2011 1198 2058 annos
1221 1994 1288 2059 388

160 2102 192 2163 et
219 2100 281 2163 388
309 2099 367 2183 (M.
394 2098 464 2163 Ilrm
496 2097 602 2163 studia
627 2098 772 2162 Ambros.
802 2097 887 2181 Lips.
913 2099 998 2162 1889
1029 2119 1060 2182 p.
1085 2099 1117 2173 8,
1141 2096 1185 2183 8),
1213 2117 1289 2164 cum

161 2223 239 2270 anno
262 2204 323 2270 381
353 2204 518 2269 Filastrius
546 2203 713 2287 episcopus
740 2203 916 2268 interfuerit
938 2203 1070 2268 concilio
1093 2203 1291 2285 Aquileiensi

160 2311 274 2392 (Marsi
306 2310 508 2375 conciliorum
541 2311 669 2396 collect.
696 2311 772 2385 tom.
804 2309 852 2373 III
881 2309 1019 2374 Florent.
1051 2310 1135 2374 1759
1161 2329 1192 2392 p.
1221 2310 1288 2375 599

161 2417 277 2500 seqq.):
297 2416 466 2508 successit
494 2415 619 2498 quidem
641 2415 788 2480 Filastrio
822 2416 969 2499 episcopo
998 2413 1193 2481 Gaudentius
1223 2415 1289 2499 epi·

161 2542 275 2606 scopus
302 2522 434 2601 Brixiae,
462 2522 628 2606 utriusque
658 2525 762 2587 tamon
790 2522 858 2586 uita
884 2526 968 2586 certo
996 2521 1134 2586 nondum
1166 2519 1302 2592 definiri.

159 2629 265 2712 potuit
286 2648 434 2694 annorum
458 2628 578 2694 calculo
601 2628 663 2693 nisi
685 2628 770 2712 quod
792 2647 880 2694 nemo
906 2627 1022 2710 poterit
1044 2627 1186 2693 dubitare
1209 2628 1288 2710 quin

159 2735 288 2799 ineunte
317 2736 441 2800 saeculo
467 2734 513 2800 IV
538 2737 631 2800 natus
663 2734 706 2800 sit
731 2734 910 2812 Filastrius,
938 2732 1051 2798 obierit
1076 2733 1158 2797 inter
1187 2751 1287 2799 annos

161 2842 223 2905 381
252 2842 284 2904 et
310 2841 372 2905 397
406 2859 467 2923 quo
498 2859 577 2906 anno
608 2839 688 2906 obiit
715 2839 909 2904 Ambrosius.
947 2839 1057 2921 Neque
1084 2840 1220 2906 multum
1248 2857 1286 2904 eo

159 2949 361 3029 promouetur
383 2933 570 3031 et'augetur
590 2946 676 3012 uitae
697 2945 837 3010 Filastrii
860 2945 991 3011 scientia
1012 2943 1095 3027 quod
1118 2963 1196 3009 anno
1219 2944 1287 3009 344

161 3052 324 3117 Vrsacium
348 3053 529 3136 episcopum
552 3043 743 3116 Brixiensem
766 3051 917 3117 traditum
941 3053 991 3116 est
1012 3049 1190 3115 interfuisse
1214 3067 1288 3114 con·

162 3156 233 3223 cilio
263 3157 438 3228 Sardicensi
460 3156 577 3240 (Marsi
599 3158 621 3221 1.
644 3176 670 3224 s.
693 3157 742 3222 III
762 3176 794 3239 p.
818 3155 870 3220 39.
894 3157 948 3220 42.
971 3153 1029 3241 49)
1055 3174 1155 3238 neque
1182 3155 1287 3220 multa

29 3303 30 3306 =
162 3263 200 3328 de
230 3264 369 3328 Filastrii
399 3263 467 3327 uita
498 3265 530 3328 et
559 3263 653 3327 rebus
684 3263 783 3346 gestis
814 3261 845 3326 in
873 3261 1068 3334 sermonibus
1096 3260 1163 3325 suis
1188 3259 1287 3326 tradit

163 3371 329 3453 episcopus
357 3369 551 3435 Gaudentius
579 3369 632 3452 qui
660 3369 688 3434 ei
709 3354 871 3434 ⁴successit
898 3368 930 3432 iu
953 3368 1029 3433 urbo
1053 3386 1131 3450 quae
1153 3369 1228 3431 tuno
1253 3369 1287 3432 et
1314 3446 1318 3455 „

64 3478 139 3574 Ἢ
162 3475 255 3541 Brixa
273 3460 313 3541 'et
337 3475 441 3540 Brixia
467 3477 499 3539 et
524 3474 658 3540 fortasse
681 3475 776 3540 etiam
798 3474 915 3539 Brictia
936 3473 1155 3539 nominabatur
1176 3471 1286 3538 hodie·

130 3571 132 3580 ’
164 3601 224 3665 quo
246 3584 295 3647 est
310 3581 451 3646 Bresoia:
473 3580 628 3646 Briosiam
646 3600 715 3645 eam
734 3581 811 3645 dixit
827 3581 937 3645 auctor
954 3579 1098 3649 carminis
1117 3577 1287 3644 acrostichi

162 3693 223 3772 quo
255 3688 292 3753 de
322 3687 401 3751 infra
427 3689 537 3770 agetur
562 3706 592 3770 p.
617 3686 692 3751 VIII
718 3706 736 3750 x
758 3687 896 3750 litteram
920 3686 973 3768 qui
995 3685 1133 3762 uoluerit
1154 3681 1285 3752 euitare.
1343 3712 1345 3716 ·

161 3794 263 3876 Atque
291 3792 490 3858 'Gaudentius
526 3789 557 3856 in
593 3791 782 3874 praelatione
812 3799 992 3857 sermonum
1025 3791 1060 3854 ad
1094 3789 1286 3854 Beniuolum

162 3899 245 3982 apud
273 3899 408 3964 Paulum
440 3897 628 3964 Galeardum
658 3897 812 3963 Veterum
838 3897 961 3962 Brixiae
993 3896 1210 3981 episcoporum
1225 3943 1233 3960 .
1251 3943 1285 3961 ..

163 4007 314 4088 opuscula
334 4004 455 4070 Brixiae
480 4005 564 4070 1738
587 4025 617 4088 p.
636 4005 700 4070 218
719 4003 839 4089 (Migne
856 4002 974 4087 Patrol.
992 4003 1059 4068 Lat.
1077 4001 1136 4066 XX
1153 4021 1184 4085 p.
1203 4000 1286 4086 829)
1306 4035 1310 4045 =

163 4112 245 4176 hunc
268 4111 404 4194 appellat
420 4111 607 4176 Beniuolum
630 4110 777 4174 imbutum
796 4108 1030 4175 admirabilibus
1047 4107 1193 4172 doctrinis
1211 4127 1288 4189 apo·

162 4217 260 4282 stolioi
284 4237 344 4299 per
370 4217 474 4280 mocio
500 4217 564 4280 uiri
585 4217 690 4298 patris
715 4216 815 4279 nostri
836 4214 994 4292 Frustra,
1016 4213 1047 4278 in
1075 4200 1220 4278 sermono·
1246 4214 1288 4281 de
