2858 4620
477 309 721 382 Conspectus
749 311 879 381 operis

201 594 229 646 et
246 591 320 647 Euae
337 590 416 662 (Gen.
434 592 477 646 lII
494 593 539 662 21)

132 722 146 747 ,,
202 678 312 736 CXVIII
331 681 364 736 ds
387 682 483 751 angelo
501 680 571 736 Mosi
589 696 679 736 occur·
699 723 711 748 „

199 773 274 824 rente
293 768 386 836 (Exod.
404 767 442 824 IV
460 770 505 836 23)
701 810 713 834 ,,

132 898 146 922 ,,
199 854 282 912 CXIX
300 856 334 911 de
351 857 562 912 Deuteronomio
586 857 676 924 (Dent.

198 944 289 999 XVIII
308 946 349 1000 15.
370 946 410 1000 18.
432 946 475 1012 19)

131 1076 145 1100 ,,
200 1032 270 1089 CXX
291 1034 334 1088 ius
352 1033 504 1104 nuptiarum
527 1033 710 1104 legitimum„

199 1121 373 1191 iniquitatem
403 1138 457 1176 non
474 1137 542 1176 'esse
570 1121 679 1187 (Psalm.

198 1210 267 1281 LV)

199 1386 291 1442 aNoe
309 1386 384 1441 faeta

131 1520 145 1544 „
199 1475 298 1532 CXXII
316 1474 349 1529 de
368 1474 468 1529 dilquo
488 1474 536 1528 sub
554 1475 679 1529 Deucali-

200 1581 249 1620 one
267 1563 339 1618 facto

132 1695 145 1720 „
199 1651 311 1709 CXXIII
346 1649 490 1707 secundum
521 1650 575 1705 XII
604 1650 681 1705 nodia

199 1757 253 1795 non
270 1740 344 1795 nasci
361 1739 483 1795 homines

132 1871 145 1896 „
200 1827 308 1884 CXXIV
348 1828 450 1882 animas
490 1828 678 1882 sceleratorum

198 1934 252 1974 non
277 1916 392 1970 transire
418 1917 447 1969 in
475 1915 621 1971 daemonas
648 1932 711 1982 ao„

198 2004 314 2077 pecudes

131 2137 144 2163 „
198 2092 292 2149 CXXV
323 2092 459 2148 dominum
489 2093 517 2146 in
547 2058 680 2147 infernum
699 2133 712 2160 „

197 2198 252 2236 non
275 2181 444 2237 descendisse
467 2184 499 2235 ut
521 2181 678 2236 confitentes

197 2269 295 2324 ibidem
315 2270 482 2336 sulcarentur

132 2399 145 2421 „
198 2356 305 2414 CXXVI
324 2358 357 2412 de
375 2359 488 2412 materie
506 2358 610 2413 animae

132 2489 145 2514 „
198 2445 319 2503 CXXVII
342 2445 374 2501 de
396 2447 569 2517 generatione
587 2446 707 2512 salua„

197 2535 263 2589 toris

132 2667 146 2692 „
199 2622 334 2679 CXXVIII
364 2623 398 2678 de
428 2623 548 2678 Varaone
585 2621 677 2690 OExod.

196 2711 512 2778 Ivelvnslxm)
612 2709 710 2776 V„

96 2844 98 2851 .
132 2845 145 2871 ‚,
199 2799 307 2857 CXXIX
332 2799 423 2854 Dauid
449 2815 504 2853 non
535 2799 678 2854 saecularis

198 2889 238 2944 rei
255 2887 461 2958 conscriptorem
479 2887 600 2943 extitisse

133 3022 147 3047 „
199 2976 293 3034 CXXX
307 2975 339 3031 de
352 2975 544 3045 inaequalitate
558 2976 679 3045 psalterii

134 3107 147 3132 ‚,
199 3063 307 3122 CXXXI
326 3064 358 3119 de
377 3063 444 3120 Cain
462 3062 540 3131 (Cen
557 3063 597 3117 IV
615 3065 642 3135 7)

133 3197 147 3222 ,,
171 3143 173 3146 ⁴
200 3151 321 3209 CXXXII
342 3152 439 3206 iterum
464 3151 496 3206 de
515 3149 582 3207 Cain
600 3147 677 3223 (Gen.

197 3241 236 3296 IV
255 3242 296 3295 13.
317 3240 361 3306 14)

133 3373 147 3398 „
199 3327 336 3385 CXXXIII
344 3327 437 3382 stellas
446 3325 539 3381 infixus
552 3342 606 3380 non
620 3341 678 3381 esse

198 3415 318 3471 incaelo
697 3455 709 3479 ,,

134 3548 148 3571 „
200 3503 330 3560 CXXXIV
355 3503 388 3558 de
412 3502 574 3558 Ecclesiaste
600 3503 677 3558 Solo·

198 3593 284 3648 monis

135 3723 148 3749 ,,
199 3681 317 3737 CXXXV
356 3680 390 3735 de
429 3678 548 3735 Canticis
584 3679 709 3745 Canii„

200 3786 288 3824 corum
337 3807 339 3812 -

135 3898 148 3925 „
200 3856 331 3913 CXXXVI
349 3857 381 3911 de
399 3855 525 3911 mandato

1179 314 1240 378 141

111 501 180 572 Cap.
201 500 300 558 CXVII
309 503 341 557 de
350 503 464 573 pelliciis
477 504 576 558 tunicis
585 502 659 558 Adae
679 502 742 574 Cap.
762 503 907 560 CXXXVII
929 505 1019 573 imago
1043 504 1086 558 dei
1109 504 1242 575 quomodo

764 593 800 647 sit
817 592 896 646 homo
915 592 992 660 (Gen.
1011 593 1087 660 126)

764 679 961 737 CXXXVIIlde
969 674 1081 736 diuersis
1090 681 1190 752 linguis
1198 679 1243 735 dci

765 767 896 824 CXXXIX
918 768 951 822 ds
973 773 1100 839 quattuor
1121 769 1242 824 animali·

761 856 811 912 bus
831 856 936 923 (Erech,
955 857 1014 923 15)

700 987 712 1011 ,,
765 944 832 1001 CXL
851 945 883 1000 de
902 945 1148 1016 (11(’11ρ111111οωῐη

762 1033 845 1091 CXLI
862 1033 895 1088 de
914 1037 973 1088 octo
985 1033 1180 1090 testiuitatibus
1199 1051 1242 1090 ec·

765 1122 860 1177 clesiae

698 1253 710 1279 ,,
762 1210 860 1267 CXLII
879 1211 911 1265 de
924 1204 1024 1265 LXXII
1043 1212 1071 1265 et
1083 1210 1116 1265 dc
1128 1211 1242 1281 Aquilae

132 1341 146 1365 ,,
200 1298 285 1356 CXXI
303 1296 336 1353 de
355 1298 486 1353 diuisione
506 1297 576 1353 orbis
594 1301 680 1354 terrae
721 1301 723 1306 '
1188 1304 1189 1311 ’

700 1428 712 1453 ,,
765 1385 1241 1442 CXLllIdeXXXbominuminter-

764 1298 987 1369 interpretatione

765 1474 913 1542 pretatione

698 1603 710 1629 „
760 1560 869 1617 ‘cxuv
887 1563 919 1618 ue
942 1563 980 1618 v1
1001 1536 1136 1619 nominum
1158 1565 1241 1619 uter-

763 1652 915 1721 pretatione

699 1780 712 1806 „
764 1738 856 1795 CXLV
870 1739 903 1794 ds
917 1739 1109 1796 Theodotionis
1123 1743 1152 1796 et
1165 1740 1240 1812 Syrn-

761 1828 849 1882 maobi
866 1828 1087 1898 interpretatione

763 1914 870 1971 CXLVI
893 1915 926 1970 de
950 1916 1026 1971 libris
1049 1916 1081 1971 de
1105 1915 1176 1971 dolio
1199 1917 1240 1972 in-

762 2005 851 2058 uentis

763 2091 885 2148 CXLVII
903 2092 943 2148 dis
966 2094 1060 2148 alienis
1081 2093 1241 2148 maledicen-

762 2181 825 2235 dum
844 2197 902 2236 esse
919 2181 1012 2252 (llxod.
1031 2181 1107 2237 XXII
1124 2182 1169 2245 28)
1194 2215 1195 2218 =

698 2310 710 2336 ,,
753 2269 898 2326 'CXLVIII
911 2269 1148 2324 deMelcbisedech
1162 2268 1240 2336 (Cen.

763 2357 825 2412 XIV
845 2358 877 2412 18
895 2362 983 2428 seqq.)

759 2444 866 2501 CXLIX
873 2446 905 2500 de
913 2446 1019 2500 ieiuniis
1028 2445 1240 2512 (taenvmlo)

698 2574 710 2600 „
762 2531 806 2588 CL
838 2532 871 2588 dc
904 2534 1057 2588 concubinis
1089 2534 1241 2588 Solomonis

762 2621 850 2688 (canu
868 2621 908 2677 V1
926 2625 952 2691 u)

752 2708 820 2783 CLI
843 2709 876 2764 de
902 2710 995 2765 cultris
1019 2709 1131 2780 lapideis
1155 2709 1240 2764 Hiesu

760 2798 810 2852 lilii
827 2798 904 2854 Naue
922 2798 984 2871 (Ios.
1003 2798 1026 2852 V
1044 2799 1073 2865 2)

697 2928 709 2954 ,,
762 2885 831 2942 CLll
850 2887 883 2942 dc
896 2886 1039 2959 spiramine
1053 2885 1125 2957 quod
1137 2884 1242 2956 accepit
1333 2953 1335 2959 ¹

761 2974 850 3029 Adam.
865 2974 941 3045 (Gen.
955 2975 983 3029 ll
1002 2976 1028 3041 7)

697 3105 709 3130 „
760 3062 848 3119 CLIII
866 3062 899 3118 de
917 3062 1035 3119 funiculo
1050 3021 1257 3132 agrimensorio-

760 3150 839 3206 Zach.
856 3150 885 3204 11
903 3152 916 3205 l

697 3279 710 3305 „
761 3236 844 3293 CLIV
862 3238 895 3294 de
912 3238 1007 3294 Heliae
1026 3239 1112 3293 cornis
1131 3239 1159 3307 (8
1173 3239 1240 3308 Reg.

760 3326 837 3381 xvu
854 3327 882 3398 o)

710 3427 711 3430 ’
761 3411 828 3468 CLV
847 3413 880 3468 de
899 3411 1041 3468 Cherubim
1060 3417 1088 3468 et
1102 3412 1240 3482 Seraphim

762 3502 841 3556 deum
857 3501 1014 3572 tegentibus
1027 3505 1055 3557 et
1068 3501 1241 3557 laudantibus

733 3613 735 3616 ⁴
762 3591 817 3656 (lis.
836 3589 874 3644 VI
891 3591 919 3659 2)
950 3625 952 3629 >

761 3677 843 3734 CLVI
870 3676 903 3732 de
933 3676 1066 3733 Cherubin
1096 3679 1177 3733 muso
1205 3679 1239 3732 ad

760 3767 918 3837 prophetam
949 3766 1054 3820 Esaiam
1086 3783 1102 3822 a
1133 3767 1241 3821 domiuo

661 3859 664 3865 '
762 3855 817 3925 (Iis.
836 3854 874 3909 VI
891 3858 919 3921 6)
