2858 4620
604 273 712 329 xovrr.
730 272 850 329 xevnr.
1241 276 1282 340 57

165 468 316 550 scriptura
339 469 376 532 de
399 469 500 535 Adam
522 469 581 533 ita:
613 469 665 532 Et·
687 470 846 551 aoeepit
869 469 1049 533 dominus
1072 472 1216 534 terram
1240 468 1283 532 de

163 575 267 652 limo,
305 579 342 641 et
383 575 604 657 plasmauit
643 575 839 641 hominem
886 594 999 656 quem
1039 575 1147 641 feeit.
1187 571 1326 640 Vides5

164 699 235 766 ergo
248 679 252 751 Ι
265 681 420 767 quomodo
443 682 562 746 saelum
586 681 756 759 hominem,
778 681 811 744 id
833 684 882 746 eat
904 681 1037 745 animam
1061 671 1131 744 erite
1150 679 1287 745 ostendit

162 782 377 852 rationabilem
414 789 446 852 et
479 787 676 863 inmortalem
712 806 782 852 esse
818 791 952 852 creatam
983 807 1000 850 a
1036 786 1170 863 domino,
1207 803 1285 868 quae

130 891 272 975 entique
294 892 398 977 imago
422 893 472 957 dei
495 897 545 958 est
567 894 733 975 appellata.
756 893 881 958 Terram
905 897 1009 958 autem
1032 892 1069 956 de
1095 892 1172 957 llino
1202 908 1286 955 aone-

162 1002 247 1081 ptam
271 999 449 1064 adiunctam
477 999 608 1075 animae,
635 999 668 1063 id
695 1002 744 1064 eet
770 1000 952 1064 exteriorem
977 997 1146 1074 hominem,
1174 999 1286 1078 eorpns

162 1104 273 1187 fragile
297 1104 346 1169 die
371 1105 513 1188 sequenti
541 1105 755 1170 manifestauit
781 1107 982 1189 plasmatum,
1010 1123 1046 1167 ao
1074 1104 1120 1168 sie
1144 1103 1286 1167 immisso

164 1228 273 1293 sopore
296 1210 327 1273 in
350 1211 451 1280 Adam
473 1214 646 1295 posteaque
669 1212 707 1276 de
736 1214 823 1277 costa
849 1212 916 1275 eius
944 1210 1102 1293 accepisse
1127 1209 1286 1274 dominum
1312 1251 1315 1257 -

164 1320 195 1380 et
217 1317 329 1381 fecisse
353 1317 514 1381 mulierem
538 1318 692 1403 scriptura
709 1320 844 1383 testatur
862 1336 897 1382 an
915 1316 1082 1399 praedicat.
1106 1315 1147 1379 Et
1160 1313 1284 1398 (quod)
1308 1319 1330 1382 -6

117 1423 298 1504 reprimam
322 1423 364 1487 sit
386 1423 489 1488 anima
511 1425 603 1501 lanta,
625 1424 658 1490 id
682 1427 731 1488 est
753 1427 838 1488 sexto
863 1423 923 1500 dio,
947 1422 997 1486 die
1024 1424 1132 1487 antern-
1155 1421 1287 1503 septimo

165 1545 276 1610 corpus
305 1529 342 1592 de
369 1533 451 1593 terra
477 1529 666 1612 plasmatum
688 1530 785 1607 Adae,
814 1531 860 1595 sio
883 1529 920 1592 ds
944 1528 1005 1593 uiri
1027 1546 1163 1610 oorpore,
1185 1527 1289 1591 idest

165 1633 321 1699 delatore
345 1636 422 1713 eius,
446 1635 558 1700 fastam
581 1636 728 1700 feminam
752 1636 1019 1714 demonstrauerit‚
1042 1655 1104 1699 non
1127 1635 1176 1698 est
1193 1632 1296 1698 ambi»

165 1759 263 1824 guum
286 1746 317 1805 et
341 1743 424 1823 quod
447 1743 548 1807 anima
571 1747 643 1808 ante
667 1743 750 1808 faeta
773 1743 823 1822 sit,
847 1761 917 1807 earo
942 1744 1044 1806 eutem
1073 1744 1182 1822 postea
1207 1738 1288 1822 plas-

163 1850 258 1925 mate,
283 1850 315 1911 et
337 1848 382 1912 sio
403 1853 514 1931 postea
545 1850 746 1932 inspiratione
778 1849 880 1913 inlusa
913 1847 963 1911 dei
995 1846 1145 1930 spiritalis
1168 1845 1200 1909 in
1228 1843 1288 1908 fine

120 1977 147 2017 1⁵
165 1953 288 2018 oonlata
315 1954 358 2018 sit
385 1955 494 2038 gratia,
524 1958 560 2019 nt
586 1956 632 2020 sin
658 1955 722 2018 iam
745 1973 839 2036 capax
862 1955 953 2018 lromo
977 1953 1057 2037 legis
1082 1948 1205 2015 diuinae
1227 1968 1288 2014 non

163 2057 308 2140 inpotens
337 2079 354 2123 a
381 2059 505 2126 domino
533 2062 767 2137 monstraretur,
796 2060 923 2132 euidens
956 2062 1005 2122 eet
1030 2057 1109 2121 ratio
1132 2055 1289 2120 ueritatist'

165 2165 247 2245 quod
275 2168 308 2229 et
333 2165 444 2230 beatus
472 2166 597 2231 dicebat
618 2165 731 2243 Dauid,
760 2165 874 2230 laetam
902 2166 1043 2228 animam
1067 2162 1211 2244 primum,
1239 2159 1289 2225 sie
1314 2159 1331 2220 7

166 2288 277 2351 eorpus
314 2271 518 2352 plasmatum:
556 2272 694 2336 Manus
731 2276 833 2349 tuae,
874 2271 986 2352 inquit,
1028 2269 1213 2333 fecerunt
1252 2268 1289 2333 et

165 2378 468 2460 plasmauerunt
489 2397 555 2441 me.
587 2379 632 2443 Ao
656 2377 834 2460 sio'postea
856 2377 956 2440 fuisse
979 2371 1287 2458 infusumllspiritum

121 2508 148 2547 20
167 2478 485 2566 declarauitldioens:
509 2485 556 2548 Et
579 2485 768 2566 spiritum
793 2485 973 2547 sanetum
997 2485 1104 2545 tuum
1123 2499 1170 2544 ne
1189 2479 1290 2542 aufe-

165 2608 227 2665 ras
252 2609 269 2653 a
292 2609 358 2653 me.

686 2750 770 2813 LXX

210 2909 281 2973 Alia
313 2911 361 2972 ost
393 2910 524 2986 heresis,
556 2927 634 2991 quae
667 2908 743 2972 dicit
774 2906 1009 2988 inspirationem
1041 2903 1174 2968 animam
1211 2918 1291 2984 esse
1309 2902 1421 2960 xcvm

165 3033 226 3090 non
248 3014 483 3097 inspirationem
506 3015 536 3078 in
562 3010 696 3079 animam
724 3015 828 3078 datam
856 3013 964 3091 fuisse,
992 3010 1170 3094 ignorantes
1198 3005 1291 3088 quod,

125 3140 150 3180 rs
167 3121 193 3184 si
220 3120 382 3203 inspiratio
411 3120 514 3185 anima
541 3124 600 3198 est,
628 3119 783 3202 quomodo
813 3116 974 3184 diiudicari
1002 3118 1108 3199 potest
1139 3112 1222 3196 quod
1254 3112 1300 3175 de.

167 3226 223 3292 deo
248 3230 297 3291 est
319 3227 458 3291 infusum
480 3228 623 3309 proprie?
648 3245 718 3290 curn
741 3245 802 3290 non
827 3224 995 3288 adtendant
1021 3221 1103 3305 quod
1129 3219 1290 3303 inspiratio

167 3332 265 3398 diuini
289 3333 418 3415 spiritus
442 3335 492 3398 est
515 3331 665 3415 quaedam
689 3331 789 3415 gratia
812 3333 844 3394 ot
866 3329 1028 3412 prouectio.
1056 3326 1227 3411 dignitatis,
1255 3326 1292 3388 ut

166 3441 268 3522 possit
295 3439 389 3505 horno
417 3458 512 3521 capax
538 3439 618 3523 legis
647 3437 790 3502 caelestis
819 3436 957 3501 existere.
987 3435 1029 3499 Et
1056 3431 1138 3517 qnod
1165 3427 1333 3496 habenti2

256 3666 423 3722 trienni
470 3666 616 3721 18Psa1m.
632 3665 741 3739 CXVIII
756 3666 789 3719 73
833 3665 870 3718 20
882 3661 1064 3717 PsalmL13
1108 3654 1290 3716 attenua

201 3813 266 3867 2et
283 3825 326 3864 om
343 3806 371 3858 A
430 3809 450 3861 ’6
467 3806 581 3859 animam
600 3807 627 3859 A
693 3802 818 3872 idagile
836 3801 874 3854 A¹
945 3801 984 3854 sio
1000 3798 1131 3868 immiso]
1150 3797 1188 3851 sio
1199 3797 1249 3850 ‚im
1260 3797 1291 3852 in

166 3899 255 3954 raeA
307 3893 573 3964 squamatim]
588 3895 619 3947 ut
632 3881 864 3946 0118101001αο
905 3889 983 3946 11id
998 3888 1134 3952 estom'A
1187 3886 1225 3942 14
1238 3885 1291 3955 epi-

167 3985 300 4054 ritali<e>]
321 3988 349 4038 et
366 3983 495 4052 spiritalis
514 3981 667 4036 Sichardua
685 3984 727 4034 est
744 3978 860 4048 spiritali
874 3976 929 4031 AB
998 3975 1049 4031 fine
1062 3976 1089 4028 A
1143 3975 1178 4030 15
1195 3973 1292 4028 collata

168 4076 200 4130 B*
271 4059 468 4143 'ltivimpotens
485 4071 512 4124 B
606 4067 695 4122 tradio
713 4069 740 4120 A
829 4068 865 4123 18
875 4066 970 4144 'inquit
986 4065 1013 4117 A
1029 4063 1125 4134 inquid
1143 4063 1248 4118 domine
1266 4063 1293 4115 Β

168 4167 203 4221 23
218 4163 321 4236 heresis
340 4162 367 4215 B
437 4161 525 4224 anima
542 4160 569 4212 A
621 4158 659 4212 24
678 4156 770 4211 datum
788 4157 814 4211 A
867 4152 1032 4212 adiudicari
1050 4152 1077 4205 B
