2866 4614
643 278 813 344 lilla-XVII.
1269 291 1286 354 7

164 503 236 547 nam
260 482 351 548 Caeli
373 487 554 566 nuncupant
575 521 589 551 .
614 502 705 566 quam
735 485 767 548 et
790 484 963 549 Caelestem
986 488 1100 548 nocant
1121 482 1151 545 in
1174 481 1288 555 Africa

165 590 256 672 eique
283 589 446 654 ,sacrificia
481 589 588 654 offerro
624 608 683 653 non
720 589 873 666 dubitant,
910 592 946 652 nt
986 589 1081 653 ctiam
1120 588 1288 672 prophetae

165 690 342 757 Hieremiae
364 695 473 759 Iudaei
500 697 575 760 tunc
601 694 739 760 dicerent
766 715 800 760 cr
828 697 944 779 aperto,
973 713 1042 759 oum
1071 696 1210 759 moneret
1235 712 1287 758 eos

165 796 308 863 recedere
341 800 378 864 ab
406 800 500 866 idolis
527 804 559 865 et
586 802 701 866 seruire
725 800 859 878 domino,
881 803 1046 883 solumque
1069 819 1140 864 cum
1164 799 1288 864 adorare

138 922 220 970 neos
245 904 370 971 dehere:
394 906 465 971 irati
489 906 670 985 exclamant,
694 907 843 988 diceutes,
868 927 903 971 ex
926 926 985 989 qno
1008 906 1065 984 illi,
1085 906 1196 988 inquit,
1216 905 1286 969 Por·
1312 907 1331 968 2

165 1012 260 1074 tunae
284 1010 370 1077 (laeli
392 1012 461 1077 siue
483 1012 621 1098 Reginae
644 1032 703 1078 uon
731 1013 915 1091 sacrificant,
947 1032 983 1078 er
1015 1031 1050 1078 eo
1083 1014 1194 1077 cuncta
1222 1010 1287 1074 illis

166 1115 250 1180 mala
277 1119 308 1182 et
335 1118 474 1200 pericula
497 1119 675 1204 contigisse.
708 1119 838 1205 Propter
861 1117 956 1202 quodi
982 1119 1093 1183 heatus
1114 1117 1288 1182 Hieremias

165 1221 270 1288 exieus
302 1223 340 1288 de
371 1226 486 1307 populo
516 1224 615 1307 deque
642 1225 770 1290 ciuitate
797 1244 902 1290 eornm
925 1224 1172 1295 Lamentationes
1202 1223 1288 1286 illius

166 1346 263 1393 causa
289 1328 460 1413 impietatis
487 1331 519 1395 in
546 1330 625 1396 lihro
654 1332 889 1416 conscripserat,
918 1349 1087 1413 casumque
1109 1325 1173 1393 illis
1197 1333 1290 1411 atque

119 1461 146 1502 ιο
164 1433 293 1499 ciuitati
314 1435 520 1502 aduentnmm
543 1456 603 1503 non
626 1437 726 1502 multo
749 1441 823 1520 post
843 1437 1015 1502 nuntiabat.

700 1662 764 1716 XVI

212 1786 276 1852 Alii
309 1790 382 1853 sunt
413 1788 443 1852 iu
477 1788 532 1864 eis,
566 1788 619 1871 qui
646 1788 745 1853 Bahal
776 1806 886 1853 nomen
915 1789 997 1873 regis
1021 1789 1182 1872 'lyniomm
1216 1787 1291 1851 deti-

165 1897 277 1958 nentes
300 1893 450 1959 memoria
473 1897 566 1976 atque
584 1894 685 1978 ipsius
703 1895 823 1960 idolum
841 1895 1002 1960 adorantes
1022 1894 1122 1959 cidem
1141 1892 1291 1958 sacrifica·

165 1999 254 2077 hant,
277 2002 316 2062 ut
335 1999 367 2063 in
385 2000 562 2084 Regnorum
586 2001 665 2065 libro
689 2001 873 2079 continetur,
892 2019 963 2065 cum
986 2019 1037 2065 rer
1058 1999 1291 2064 Israhelitarum

119 2132 144 2172 rs
168 2105 276 2170 Achab
306 2108 337 2170 et
358 2106 508 2170 Hiezabel
530 2126 607 2172 uxor
629 2107 696 2172 eius
719 2108 768 2172 illi
790 2107 873 2172 idolo
898 2106 1068 2171 sacrificare
1091 2124 1150 2169 non
1175 2103 1292 2168 desine-

167 2215 247 2276 rent.
286 2212 321 2275 ln
355 2230 427 2295 qno,
459 2205 525 2278 zelo
559 2214 671 2278 ductus
704 2214 820 2291 diuino,
857 2213 966 2278 heatus
998 2213 1107 2277 Helias
1143 2210 1293 2294 propheta

167 2318 287 2382 missus
312 2336 329 2381 a
348 2317 471 2384 Christo
496 2319 629 2397 domino,
650 2319 694 2384 ait
717 2319 772 2396 eis,
796 2320 853 2384 sub
877 2319 999 2383 nomine
1018 2316 1169 2382 Iudaismi
1189 2316 1292 2398 legem

169 2423 401 2498 confitentibus,
433 2425 587 2506 impietati
619 2429 724 2490 autem
751 2425 941 2507 perniciosae
967 2442 1105 2508 paganae
1131 2421 1293 2488 seruienti-

170 2529 240 2606 bus,
266 2532 298 2600 ct
320 2529 403 2594 omni
425 2530 541 2612 populo
565 2529 610 2594 ita
633 2530 722 2595 dixit:
750 2530 800 2596 Ut
828 2529 920 2612 quid
948 2538 1027 2594 uos'
1047 2525 1292 2594 claudicatis
1316 2521 1336 2592 2

119 2635 208 2706 20in
241 2635 427 2717 utrisque
459 2636 685 2719 poplitibus
718 2636 893 2701 uestris?
921 2638 991 2699 aut
1017 2635 1098 2712 deo,
1122 2634 1202 2710 deo,
1226 2633 1293 2695 ant

170 2741 305 2818 Bahal,
332 2739 465 2804 Bahal.
493 2741 534 2805 nt
556 2741 759 2806 nihilominus
782 2741 891 2806 fauens
913 2742 1054 2805 lucorum
1079 2737 1291 2811 sacerdotibus

171 2867 224 2911 rex
260 2851 352 2928 atque
387 2847 492 2930 regina
529 2846 661 2912 diuersis
697 2847 805 2931 poenis
840 2845 871 2911 ei
907 2845 1095 2912 cruciatibus
1127 2844 1292 2926 perierunt.

171 2952 313 3036 Populus
345 2952 439 3016 etiam
467 2972 526 3017 non
553 2953 700 3018 recedens
728 2953 766 3019 ab
793 2952 885 3018 idolis
914 2951 1028 3017 crebris
1057 2949 1293 3033 captiuitatibus

171 3058 299 3122 interiit.

122 3251 152 3290 „
695 3214 771 3268 xvu
817 3279 819 3282 ,

215 3338 278 3403 Alii
305 3342 379 3402 sunt
406 3340 459 3421 qni
480 3340 597 3404 Asthar
622 3341 779 3406 hominem
811 3343 843 3405 et
870 3339 1000 3406 Camoth
1033 3337 1294 3403 abominationem

173 3442 385 3510 Oananeornm
403 3449 435 3510 et
451 3445 649 3511 Sidoniorum
666 3447 700 3511 id
718 3451 767 3512 est
783 3446 866 3513 idola
883 3445 1044 3511 hominum
1064 3463 1099 3509 ae
1117 3444 1294 3521 mulierum,

154 3551 407 3629 'uenerabnntun
436 3555 528 3635 atque
556 3552 655 3618 isdem
684 3553 807 3618 diuersa
830 3553 998 3618 offerebant
1020 3550 1195 3630 sacrificial
1220 3568 1294 3632 quo-

172 3675 242 3719 rum
267 3675 361 3721 causa
384 3661 415 3721 et
437 3658 604 3741 captiuitas
623 3659 690 3723 illis
714 3659 840 3744 regibus
864 3664 896 3724 ct
917 3661 1033 3742 populo
1052 3661 1127 3723 tuuc
1144 3656 1293 3738 temporis

260 3873 413 3928 4Hicrem.
430 3873 516 3927 XLIV
535 3873 567 3927 18
609 3873 703 3930 14111
720 3875 785 3944 Reg.
804 3874 866 3928 XVI
883 3876 915 3929 31
960 3871 1291 3942 191111ee.g.xv11121

171 3963 207 4018 26
225 3959 266 4014 Ill
284 3960 349 4030 Reg.
368 3961 407 4015 XI
424 3962 457 4016 33

209 4084 464 4140 leactditadorant
515 4088 604 4140 ticum
618 4089 738 4139 moneret
751 4084 913 4154 Siobardus]
930 4090 1107 4140 commoneret
1163 4082 1293 4139 Slarncn·
1326 4103 1331 4116 ·
1370 4135 1372 4139 Α

171 4172 285 4227 tationis
337 4173 567 4227 hconscribscrat
618 4175 652 4228 27
671 4173 866 4227 chananeorum
