2858 4620
161 271 203 333 26
344 263 524 319 FILASTRII
542 261 774 318 DIVERSARVM
791 260 978 318 Hnansron
999 262 1106 317 LIBER

688 454 763 519 XXI

59 613 144 669 XLIX
205 601 269 666 Alii
301 603 405 665 autem
436 602 509 680 post
539 598 617 663 istos
652 599 849 662 surrexerunt
882 599 952 661 cata
977 597 1098 681 Frigus,
1127 597 1159 662 in
1186 599 1294 685 Frigia

159 707 321 791 prouincia
338 705 527 770 habitantes.
550 703 609 768 Isti
627 703 794 787 prophetas
813 706 845 768 et
862 702 965 787 legem
984 703 1151 786 accipiunt,
1169 710 1293 788 patrem

161 818 192 879 et
218 814 319 878 filium
348 815 378 877 et
405 811 550 894 spiritum
578 809 772 888 confitentur,
801 809 901 875 carnis
929 809 1152 875 surrectionem
1184 831 1293 895 expec-

117 920 236 994 2tant‚
270 936 349 999 quae
381 918 412 980 et
444 915 599 980 catholica
630 914 763 979 ecclesia
792 913 964 996 praedicat:
997 914 1148 996 quosdam
1184 919 1292 981 autem
1327 939 1334 978 ε

161 1043 235 1089 suos
268 1023 446 1107 prophetas,
479 1021 512 1085 id
544 1024 593 1086 est
620 1022 804 1086 Montanum
835 1019 969 1098 nomine,
998 1023 1030 1084 et
1055 1020 1232 1086 Priscillam
1260 1026 1294 1088 ot

159 1129 364 1194 Maximillam
387 1127 580 1205 adnuntiant,
605 1146 682 1209 quos
706 1145 806 1208 neque
828 1126 998 1211 prophetae
1021 1144 1121 1208 neque
1145 1125 1291 1193 Christus

117 1236 137 1298 3
160 1235 483 1310 nuntiauitlAddunt
506 1236 601 1299 etiam
625 1233 850 1318 plenitudinem
875 1232 976 1298 sancti
998 1233 1128 1316 spiritus
1151 1254 1213 1298 non
1235 1255 1293 1318 per

160 1343 320 1424 apostolos
343 1341 451 1406 beatos
477 1341 600 1407 Christo
625 1341 717 1405 dante
740 1339 838 1404 fuisse
862 1357 1052 1418 concessam,
1073 1339 1127 1404 sed
1144 1340 1291 1422 perillus

161 1466 235 1511 suos
262 1447 550 1531 pseudoprophetas
579 1448 746 1512 aestimant
773 1445 961 1528 inpertitam,
990 1448 1022 1510 et
1049 1449 1249 1529 separantes
1272 1467 1334 1512 aro

160 1554 314 1618 catholica
336 1553 469 1618 ecclesia
490 1556 615 1636 propior
636 1553 708 1618 illos
733 1572 807 1617 suos
830 1552 1119 1635 pseudoprophetas
1144 1555 1175 1616 et
1192 1551 1290 1618 falsos

117 1660 138 1722 4
162 1659 314 1724 doctores.
347 1660 390 1724 Hi
420 1663 560 1724 mortuos
592 1660 761 1743 baptizant,
793 1658 918 1742 publice
945 1659 1094 1741 mysteria
1120 1658 1290 1738 celebrant,

160 1767 317 1847 Pepunam
340 1765 448 1829 uillam
473 1784 572 1844 suam,
596 1784 674 1846 quae
698 1765 743 1830 sic
768 1765 882 1829 dicitur
903 1764 935 1828 in
957 1764 1073 1848 Frigia
1091 1764 1291 1829 Hierusalem

160 1873 328 1955 appellant,
356 1871 411 1935 ubi
438 1872 611 1936 Maximilla
640 1874 671 1935 et
692 1870 837 1935 Priscilla
864 1873 896 1935 et
921 1870 989 1952 ipse
1012 1871 1180 1934 Montanus
1203 1871 1290 1934 uitae

118 1978 136 2040 5
160 1982 284 2060 tompus
307 1996 423 2041 uanum
448 1979 479 2040 et
500 1977 731 2042 infructuosum
753 1975 901 2041 habuisse
924 1975 1139 2042 dinoscuntur.
1172 1976 1235 2041 Ubi
1258 1981 1289 2042 et
1309 1991 1333 2043 u

159 2073 345 2168 mysterium
372 2083 504 2167 cynicoa
531 2087 562 2148 et
587 2082 714 2148 infantis
743 2081 911 2147 execranda
920 2079 928 2169 ll
938 2082 1111 2146 celebratur
1131 2082 1289 2164 impietas.

159 2191 278 2255 Dicunt
310 2190 392 2253 enim
425 2208 477 2254 eos
510 2189 548 2253 de
574 2189 700 2254 infantis
728 2189 878 2273 sanguine
905 2189 937 2253 in
964 2188 1081 2270 pascha
1103 2188 1234 2253 miscere
1257 2189 1288 2254 in

160 2314 253 2360 suum
282 2294 479 2371 sacrificium,
508 2295 635 2377 suisque
662 2296 707 2360 ita
733 2294 850 2377 ubique
877 2294 1019 2358 emittere
1046 2294 1229 2378 perniciosis
1257 2297 1290 2360 et

83 2392 89 2401 ’
159 2402 247 2467 falsis
272 2401 472 2466 satellitibus.

677 2541 768 2606 XXII
1304 2569 1329 2610 ao

120 2699 142 2753 L
205 2685 283 2748 Post
305 2683 383 2748 istos
407 2683 586 2748 Theodotus
610 2682 746 2765 quidam,
769 2681 940 2765 Byzantius
968 2701 1089 2766 genere,
1119 2682 1289 2767 denegator

161 2789 277 2854 Christi
300 2788 349 2853 dei
372 2788 469 2853 nostri
490 2788 521 2851 in
544 2789 760 2870 persecutione
783 2788 886 2852 extitit
907 2788 1083 2865 saluatoris,
1107 2788 1162 2870 qui
1185 2788 1289 2869 coepit

161 2895 272 2973 dicere,
287 2895 400 2959 docens
414 2894 473 2958 ita:
493 2893 684 2971 Communis,
697 2893 809 2975 inquit,
823 2893 916 2958 homo
932 2897 997 2957 erat
1010 2896 1047 2958 ut
1061 2911 1168 2958 omnes
1187 2894 1287 2957 homi-

117 3005 136 3065 2
160 3019 215 3065 nes
235 3000 390 3067 Christus.
412 3000 481 3064 Hoc
504 3002 609 3064 autem
633 2998 766 3090 dicebat,
789 3001 828 3064 ut
848 2999 1062 3084 denegationis
1086 2998 1286 3081 obprobrium

160 3108 198 3171 ab
226 3106 405 3172 hominibus
427 3124 488 3170 non
512 3105 646 3187 amplius
668 3107 835 3188 pateretur,
860 3105 1000 3190 cogitans
1022 3104 1106 3187 quod
1129 3105 1157 3168 si
1180 3104 1234 3187 qui
1257 3106 1285 3170 ai
1302 3133 1326 3173 ar

160 3213 290 3277 dicemt:
319 3209 420 3290 Quare
446 3211 569 3294 negasti
595 3209 754 3276 Christum
782 3211 874 3275 deum
902 3229 938 3274 ac
965 3209 1145 3275 dominum?
1169 3209 1287 3275 diceret

117 3319 257 3400 3quodi
294 3317 460 3382 Hominem
495 3315 619 3400 negaui,
655 3335 715 3381 non
748 3316 850 3380 deum.
885 3315 945 3380 Isti
975 3318 1108 3380 utuntur
1138 3315 1284 3397 capitulis

194 3533 358 3603 2cataflgas
375 3535 403 3587 A
421 3532 571 3602 catafrygum
589 3535 616 3588 B
678 3532 765 3602 stygia
781 3532 808 3585 Β
860 3531 1039 3589 ecunacum
1054 3530 1083 3585 A
1152 3547 1283 3586 resurrec-

159 3625 261 3678 tionem
280 3620 478 3692 exspectanti?
530 3623 548 3677 ὅ
566 3621 712 3676 catholicae
730 3619 769 3674 A¹
822 3623 838 3676 7
858 3619 1019 3675 adnuntians
1037 3620 1064 3672 A
1082 3621 1243 3674 annuntiant
1256 3621 1283 3674 B

160 3711 282 3769 8sancti
299 3711 326 3764 Β
344 3727 397 3764 nou
416 3710 502 3764 sancti
519 3709 546 3763 A
617 3712 653 3766 lo
670 3725 718 3763 uos
735 3708 968 3780 pseudopropheta
984 3708 1012 3760 A
1080 3710 1111 3765 11
1130 3710 1282 3778 propterA

160 3816 208 3871 pro
227 3799 265 3854 B:
286 3799 354 3866 conf
368 3798 407 3852 ad
426 3800 504 3863 51‚2
583 3797 827 3868 pseudoprophetas
844 3796 873 3850 Β
889 3796 1033 3867 prophetas
1046 3796 1073 3849 A
1126 3799 1160 3852 13
1176 3800 1283 3866 pupuge

160 3888 189 3943 A
259 3890 296 3944 14
312 3887 458 3941 maximilla
475 3887 502 3939 A
577 3887 649 3939 uitae
667 3885 694 3937 B
712 3886 770 3938 uita
787 3888 816 3938 et
832 3886 859 3939 A
930 3887 962 3940 lo
981 3883 1100 3954 cynicoa]
1120 3884 1280 3953 cynicorum:

161 3974 354 4044 confrariae.
369 3975 408 4028 ad
424 3981 483 4031 nat.
501 3974 524 4028 I
537 3977 573 4028 16
590 3974 642 4028 cod
657 3975 684 4031 A
701 3972 833 4028 Illustrat
848 3972 1010 4042 adsumtio
1098 3970 1282 4026 calcitrabatur

160 4063 200 4115 Β2
252 4065 285 4120 17
303 4062 433 4132 sanguine
450 4062 478 4114 A
531 4064 564 4118 18
582 4065 611 4116 et
627 4061 703 4116 falsis
722 4062 804 4116 omA
865 4063 897 4116 21
916 4060 1042 4131 byaanA
1094 4059 1281 4130 dcnegaturA

157 4150 194 4208 22
212 4150 298 4205 nostri
315 4165 359 4205 om
376 4151 403 4204 A
457 4150 491 4204 27
509 4149 620 4218 negauit
637 4150 664 4202 A
864 4154 865 4157 ’
