<?xml version="1.0" encoding="UTF-8"?>
<!DOCTYPE html PUBLIC "-//W3C//DTD XHTML 1.0 Transitional//EN"
    "http://www.w3.org/TR/xhtml1/DTD/xhtml1-transitional.dtd">
<html xmlns="http://www.w3.org/1999/xhtml" xml:lang="en" lang="en">
 <head>
  <title>
</title>
<meta http-equiv="Content-Type" content="text/html;charset=utf-8" />
  <meta name='ocr-system' content='tesseract 3.04.00' />
  <meta name='ocr-capabilities' content='ocr_page ocr_carea ocr_par ocr_line ocrx_word'/>
</head>
<body>
  <div class='ocr_page' id='page_1' title='image "./sanctifilastrii00marxgoog_0167.png"; bbox 0 0 2880 4620; ppageno 0'>
   <div class='ocr_carea' id='block_1_1' title="bbox 229 267 1166 338">
    <p class='ocr_par' dir='ltr' id='par_1_1' title="bbox 229 267 1166 338">
     <span class='ocr_line' id='line_1_1' title="bbox 229 267 1166 338; baseline -0.006 -10"><span class='ocrx_word' id='word_1_1' title='bbox 229 274 290 338; x_wconf 82' lang='grc'>114</span> <span class='ocrx_word' id='word_1_2' title='bbox 411 269 588 325; x_wconf 82' lang='lat' dir='ltr'>FILASTRII</span> <span class='ocrx_word' id='word_1_3' title='bbox 603 269 835 324; x_wconf 83' lang='lat' dir='ltr'>DIVERSARVM</span> <span class='ocrx_word' id='word_1_4' title='bbox 852 267 1040 324; x_wconf 73' lang='lat' dir='ltr'>Hannonem</span> <span class='ocrx_word' id='word_1_5' title='bbox 1058 268 1166 323; x_wconf 84' lang='lat' dir='ltr'><strong>LIBER</strong></span> 
     </span>
    </p>
   </div>
   <div class='ocr_carea' id='block_1_2' title="bbox 154 461 1411 3507">
    <p class='ocr_par' dir='ltr' id='par_1_2' title="bbox 154 461 1411 3507">
     <span class='ocr_line' id='line_1_2' title="bbox 154 461 1355 544; baseline -0.002 -15"><span class='ocrx_word' id='word_1_6' title='bbox 154 490 156 494; x_wconf 94' lang='lat'>·</span> <span class='ocrx_word' id='word_1_7' title='bbox 227 464 378 540; x_wconf 84' lang='lat' dir='ltr'>dixerunt,</span> <span class='ocrx_word' id='word_1_8' title='bbox 402 467 440 529; x_wconf 90' lang='lat' dir='ltr'>et</span> <span class='ocrx_word' id='word_1_9' title='bbox 462 481 597 528; x_wconf 91' lang='lat' dir='ltr'>nomen</span> <span class='ocrx_word' id='word_1_10' title='bbox 621 463 708 528; x_wconf 86' lang='lat' dir='ltr'>eius</span> <span class='ocrx_word' id='word_1_11' title='bbox 727 463 843 528; x_wconf 84' lang='lat' dir='ltr'>‘Deus</span> <span class='ocrx_word' id='word_1_12' title='bbox 862 461 1090 528; x_wconf 88' lang='lat' dir='ltr'>nobiscum&#39;.</span> <span class='ocrx_word' id='word_1_13' title='bbox 1115 461 1231 544; x_wconf 93' lang='lat' dir='ltr'>Aquila</span> <span class='ocrx_word' id='word_1_14' title='bbox 1249 465 1355 526; x_wconf 89' lang='lat' dir='ltr'>autem</span> 
     </span>
     <span class='ocr_line' id='line_1_3' title="bbox 227 566 1354 651; baseline -0.003 -17"><span class='ocrx_word' id='word_1_15' title='bbox 227 570 317 635; x_wconf 80' lang='lat' dir='ltr'><strong>dixit:</strong></span> <span class='ocrx_word' id='word_1_16' title='bbox 349 566 448 634; x_wconf 80' lang='lat' dir='ltr'>liceo</span> <span class='ocrx_word' id='word_1_17' title='bbox 479 569 700 634; x_wconf 91' lang='lat' dir='ltr'>iuuenonla</span> <span class='ocrx_word' id='word_1_18' title='bbox 733 569 948 651; x_wconf 81' lang='lat' dir='ltr'>concipiet,</span> <span class='ocrx_word' id='word_1_19' title='bbox 982 572 1021 633; x_wconf 92' lang='lat' dir='ltr'>et</span> <span class='ocrx_word' id='word_1_20' title='bbox 1046 568 1179 651; x_wconf 90' lang='lat' dir='ltr'>pariet</span> <span class='ocrx_word' id='word_1_21' title='bbox 1204 567 1354 646; x_wconf 84' lang='lat' dir='ltr'>filium,</span> 
     </span>
     <span class='ocr_line' id='line_1_4' title="bbox 184 671 1356 758; baseline 0.001 -22"><span class='ocrx_word' id='word_1_22' title='bbox 184 674 205 736; x_wconf 87' lang='lat'><strong>3</strong></span> <span class='ocrx_word' id='word_1_23' title='bbox 228 678 266 740; x_wconf 91' lang='lat' dir='ltr'>et</span> <span class='ocrx_word' id='word_1_24' title='bbox 288 694 424 741; x_wconf 91' lang='lat' dir='ltr'>nomen</span> <span class='ocrx_word' id='word_1_25' title='bbox 447 674 533 739; x_wconf 91' lang='lat' dir='ltr'>eius</span> <span class='ocrx_word' id='word_1_26' title='bbox 551 674 714 740; x_wconf 85' lang='lat' dir='ltr'>‘Potens</span> <span class='ocrx_word' id='word_1_27' title='bbox 738 693 823 739; x_wconf 93' lang='lat' dir='ltr'>cum</span> <span class='ocrx_word' id='word_1_28' title='bbox 846 674 1097 740; x_wconf 87' lang='lat' dir='ltr'>hominibus’.</span> <span class='ocrx_word' id='word_1_29' title='bbox 1123 671 1209 758; x_wconf 83' lang='lat' dir='ltr'>Quae</span> <span class='ocrx_word' id='word_1_30' title='bbox 1228 673 1356 755; x_wconf 91' lang='lat' dir='ltr'>quidem</span> 
     </span>
     <span class='ocr_line' id='line_1_5' title="bbox 228 780 1356 864; baseline -0.001 -19"><span class='ocrx_word' id='word_1_31' title='bbox 228 781 255 846; x_wconf 94' lang='lat' dir='ltr'>si</span> <span class='ocrx_word' id='word_1_32' title='bbox 285 782 337 864; x_wconf 92' lang='lat' dir='ltr'>pio</span> <span class='ocrx_word' id='word_1_33' title='bbox 370 798 463 846; x_wconf 90' lang='lat' dir='ltr'>sensu</span> <span class='ocrx_word' id='word_1_34' title='bbox 489 780 635 845; x_wconf 91' lang='lat' dir='ltr'>lectionis</span> <span class='ocrx_word' id='word_1_35' title='bbox 663 784 791 864; x_wconf 88' lang='lat' dir='ltr'>accepta</span> <span class='ocrx_word' id='word_1_36' title='bbox 817 781 943 859; x_wconf 88' lang='lat' dir='ltr'>fuerint,</span> <span class='ocrx_word' id='word_1_37' title='bbox 972 781 1055 863; x_wconf 95' lang='lat' dir='ltr'>quod</span> <span class='ocrx_word' id='word_1_38' title='bbox 1078 780 1167 844; x_wconf 89' lang='lat' dir='ltr'>fortis</span> <span class='ocrx_word' id='word_1_39' title='bbox 1191 783 1222 844; x_wconf 92' lang='lat' dir='ltr'>et</span> <span class='ocrx_word' id='word_1_40' title='bbox 1245 782 1356 863; x_wconf 88' lang='lat' dir='ltr'>potens</span> 
     </span>
     <span class='ocr_line' id='line_1_6' title="bbox 227 884 1401 970; baseline -0.003 -19"><span class='ocrx_word' id='word_1_41' title='bbox 227 907 317 952; x_wconf 93' lang='lat' dir='ltr'>nemo</span> <span class='ocrx_word' id='word_1_42' title='bbox 348 887 409 953; x_wconf 89' lang='lat' dir='ltr'>nisi</span> <span class='ocrx_word' id='word_1_43' title='bbox 441 887 584 953; x_wconf 79' lang='lat' dir='ltr'>Christus</span> <span class='ocrx_word' id='word_1_44' title='bbox 616 886 694 952; x_wconf 89' lang='lat' dir='ltr'>deus</span> <span class='ocrx_word' id='word_1_45' title='bbox 726 888 769 952; x_wconf 89' lang='lat' dir='ltr'>sit</span> <span class='ocrx_word' id='word_1_46' title='bbox 799 886 854 951; x_wconf 91' lang='lat' dir='ltr'>dei</span> <span class='ocrx_word' id='word_1_47' title='bbox 881 884 976 966; x_wconf 89' lang='lat' dir='ltr'>filius,</span> <span class='ocrx_word' id='word_1_48' title='bbox 1008 889 1092 951; x_wconf 88' lang='lat' dir='ltr'>recte</span> <span class='ocrx_word' id='word_1_49' title='bbox 1123 885 1296 970; x_wconf 81' lang='lat' dir='ltr'>intellegit:</span> <span class='ocrx_word' id='word_1_50' title='bbox 1329 885 1358 950; x_wconf 90' lang='lat' dir='ltr'>si</span> <span class='ocrx_word' id='word_1_51' title='bbox 1387 906 1401 947; x_wconf 82' lang='lat' dir='ltr'>s</span> 
     </span>
     <span class='ocr_line' id='line_1_7' title="bbox 228 978 1357 1075; baseline 0 -19"><span class='ocrx_word' id='word_1_52' title='bbox 228 994 332 1057; x_wconf 88' lang='lat' dir='ltr'>autem</span> <span class='ocrx_word' id='word_1_53' title='bbox 359 992 397 1057; x_wconf 92' lang='lat' dir='ltr'>do</span> <span class='ocrx_word' id='word_1_54' title='bbox 425 1012 460 1057; x_wconf 89' lang='lat' dir='ltr'>eo</span> <span class='ocrx_word' id='word_1_55' title='bbox 489 981 622 1071; x_wconf 86' lang='lat' dir='ltr'>dubitat,</span> <span class='ocrx_word' id='word_1_56' title='bbox 650 993 811 1058; x_wconf 86' lang='lat' dir='ltr'>abicienda</span> <span class='ocrx_word' id='word_1_57' title='bbox 833 995 866 1057; x_wconf 91' lang='lat' dir='ltr'>et</span> <span class='ocrx_word' id='word_1_58' title='bbox 888 991 1060 1075; x_wconf 88' lang='lat' dir='ltr'>spernenda</span> <span class='ocrx_word' id='word_1_59' title='bbox 1082 994 1132 1056; x_wconf 90' lang='lat' dir='ltr'>est</span> <span class='ocrx_word' id='word_1_60' title='bbox 1153 978 1232 1055; x_wconf 88' lang='lat' dir='ltr'>talis</span> <span class='ocrx_word' id='word_1_61' title='bbox 1250 990 1357 1059; x_wconf 91' lang='lat' dir='ltr'>editio.</span> 
     </span>
     <span class='ocr_line' id='line_1_8' title="bbox 225 1097 1357 1184; baseline -0.001 -22"><span class='ocrx_word' id='word_1_62' title='bbox 225 1097 316 1162; x_wconf 78' lang='lat' dir='ltr'>unce</span> <span class='ocrx_word' id='word_1_63' title='bbox 337 1099 446 1164; x_wconf 93' lang='lat' dir='ltr'>Iudaei</span> <span class='ocrx_word' id='word_1_64' title='bbox 468 1119 528 1164; x_wconf 93' lang='lat' dir='ltr'>non</span> <span class='ocrx_word' id='word_1_65' title='bbox 553 1098 759 1184; x_wconf 74' lang='lat' dir='ltr'>Septuaginta</span> <span class='ocrx_word' id='word_1_66' title='bbox 781 1098 914 1164; x_wconf 94' lang='lat' dir='ltr'>duorum</span> <span class='ocrx_word' id='word_1_67' title='bbox 936 1098 1207 1180; x_wconf 79' lang='lat' dir='ltr'>interpretationes</span> <span class='ocrx_word' id='word_1_68' title='bbox 1231 1097 1357 1176; x_wconf 88' lang='lat' dir='ltr'>habent,</span> 
     </span>
     <span class='ocr_line' id='line_1_9' title="bbox 229 1198 1357 1288; baseline -0.003 -19"><span class='ocrx_word' id='word_1_69' title='bbox 229 1205 282 1286; x_wconf 94' lang='lat' dir='ltr'>qui</span> <span class='ocrx_word' id='word_1_70' title='bbox 310 1204 348 1268; x_wconf 89' lang='lat' dir='ltr'>dc</span> <span class='ocrx_word' id='word_1_71' title='bbox 374 1207 461 1287; x_wconf 90' lang='lat' dir='ltr'>patre</span> <span class='ocrx_word' id='word_1_72' title='bbox 490 1207 522 1270; x_wconf 93' lang='lat' dir='ltr'>et</span> <span class='ocrx_word' id='word_1_73' title='bbox 548 1205 613 1270; x_wconf 87' lang='lat' dir='ltr'>fflio</span> <span class='ocrx_word' id='word_1_74' title='bbox 641 1207 674 1269; x_wconf 88' lang='lat' dir='ltr'>et</span> <span class='ocrx_word' id='word_1_75' title='bbox 700 1198 807 1271; x_wconf 87' lang='lat' dir='ltr'>sancto</span> <span class='ocrx_word' id='word_1_76' title='bbox 831 1204 946 1288; x_wconf 89' lang='lat' dir='ltr'>spiritu</span> <span class='ocrx_word' id='word_1_77' title='bbox 968 1204 1047 1268; x_wconf 89' lang='lat' dir='ltr'>benc</span> <span class='ocrx_word' id='word_1_78' title='bbox 1069 1204 1239 1268; x_wconf 83' lang='lat' dir='ltr'>sentientes</span> <span class='ocrx_word' id='word_1_79' title='bbox 1262 1221 1357 1267; x_wconf 91' lang='lat' dir='ltr'>unam</span> 
     </span>
     <span class='ocr_line' id='line_1_10' title="bbox 228 1309 1357 1391; baseline -0.001 -17"><span class='ocrx_word' id='word_1_80' title='bbox 228 1311 437 1379; x_wconf 79' lang='lat' dir='ltr'>substantiam</span> <span class='ocrx_word' id='word_1_81' title='bbox 463 1310 660 1375; x_wconf 89' lang='lat' dir='ltr'>diuinitatem</span> <span class='ocrx_word' id='word_1_82' title='bbox 686 1311 945 1391; x_wconf 86' lang='lat' dir='ltr'>maiestatemque</span> <span class='ocrx_word' id='word_1_83' title='bbox 972 1309 1163 1387; x_wconf 89' lang='lat' dir='ltr'>nuntiarunt,</span> <span class='ocrx_word' id='word_1_84' title='bbox 1191 1309 1247 1373; x_wconf 88' lang='lat' dir='ltr'>sed</span> <span class='ocrx_word' id='word_1_85' title='bbox 1268 1309 1357 1373; x_wconf 91' lang='lat' dir='ltr'>illius</span> 
     </span>
     <span class='ocr_line' id='line_1_11' title="bbox 227 1401 1403 1501; baseline -0.003 -20"><span class='ocrx_word' id='word_1_86' title='bbox 227 1415 369 1499; x_wconf 81' lang='lat' dir='ltr'>Aquilae,</span> <span class='ocrx_word' id='word_1_87' title='bbox 400 1417 473 1500; x_wconf 91' lang='lat' dir='ltr'>quia</span> <span class='ocrx_word' id='word_1_88' title='bbox 498 1436 559 1482; x_wconf 91' lang='lat' dir='ltr'>non</span> <span class='ocrx_word' id='word_1_89' title='bbox 586 1401 632 1482; x_wconf 89' lang='lat' dir='ltr'>ita</span> <span class='ocrx_word' id='word_1_90' title='bbox 658 1420 742 1482; x_wconf 86' lang='lat' dir='ltr'>recte</span> <span class='ocrx_word' id='word_1_91' title='bbox 766 1416 865 1481; x_wconf 85' lang='lat' dir='ltr'>sensit</span> <span class='ocrx_word' id='word_1_92' title='bbox 887 1415 925 1480; x_wconf 91' lang='lat' dir='ltr'>de</span> <span class='ocrx_word' id='word_1_93' title='bbox 948 1415 1011 1481; x_wconf 87' lang='lat' dir='ltr'>tilio</span> <span class='ocrx_word' id='word_1_94' title='bbox 1036 1416 1096 1494; x_wconf 87' lang='lat' dir='ltr'>dei,</span> <span class='ocrx_word' id='word_1_95' title='bbox 1106 1413 1115 1501; x_wconf 72' lang='lat' dir='ltr'>i!</span> <span class='ocrx_word' id='word_1_96' title='bbox 1125 1417 1181 1482; x_wconf 91' lang='lat' dir='ltr'>sed</span> <span class='ocrx_word' id='word_1_97' title='bbox 1204 1417 1293 1498; x_wconf 91' lang='lat' dir='ltr'>quasi</span> <span class='ocrx_word' id='word_1_98' title='bbox 1318 1417 1357 1481; x_wconf 91' lang='lat' dir='ltr'>de</span> <span class='ocrx_word' id='word_1_99' title='bbox 1377 1439 1403 1478; x_wconf 82' lang='grc' dir='ltr'>ιο</span> 
     </span>
     <span class='ocr_line' id='line_1_12' title="bbox 185 1520 1357 1606; baseline 0.003 -22"><span class='ocrx_word' id='word_1_100' title='bbox 185 1520 378 1606; x_wconf 72' lang='lat' dir='ltr'>Apropheta</span> <span class='ocrx_word' id='word_1_101' title='bbox 414 1524 615 1588; x_wconf 88' lang='lat' dir='ltr'>nuntiauerit.</span> <span class='ocrx_word' id='word_1_102' title='bbox 652 1523 740 1588; x_wconf 88' lang='lat' dir='ltr'>Unde</span> <span class='ocrx_word' id='word_1_103' title='bbox 776 1523 1047 1606; x_wconf 85' lang='lat' dir='ltr'>interpretationes</span> <span class='ocrx_word' id='word_1_104' title='bbox 1085 1523 1153 1587; x_wconf 91' lang='lat' dir='ltr'>eius</span> <span class='ocrx_word' id='word_1_105' title='bbox 1188 1523 1221 1587; x_wconf 94' lang='lat' dir='ltr'>in</span> <span class='ocrx_word' id='word_1_106' title='bbox 1251 1524 1357 1588; x_wconf 92' lang='lat' dir='ltr'>medio</span> 
     </span>
     <span class='ocr_line' id='line_1_13' title="bbox 226 1627 1357 1713; baseline 0.001 -22"><span class='ocrx_word' id='word_1_107' title='bbox 226 1627 375 1693; x_wconf 92' lang='lat' dir='ltr'>librorum</span> <span class='ocrx_word' id='word_1_108' title='bbox 399 1649 568 1710; x_wconf 88' lang='lat' dir='ltr'>numquam</span> <span class='ocrx_word' id='word_1_109' title='bbox 590 1631 758 1711; x_wconf 91' lang='lat' dir='ltr'>ponuntur,</span> <span class='ocrx_word' id='word_1_110' title='bbox 777 1628 832 1693; x_wconf 88' lang='lat' dir='ltr'>sed</span> <span class='ocrx_word' id='word_1_111' title='bbox 851 1628 956 1692; x_wconf 83' lang='lat' dir='ltr'>deutra</span> <span class='ocrx_word' id='word_1_112' title='bbox 971 1629 1125 1710; x_wconf 88' lang='lat' dir='ltr'>laeuaque</span> <span class='ocrx_word' id='word_1_113' title='bbox 1144 1629 1357 1713; x_wconf 85' lang='lat' dir='ltr'>adsignantur,</span> 
     </span>
     <span class='ocr_line' id='line_1_14' title="bbox 228 1735 1359 1818; baseline 0.002 -22"><span class='ocrx_word' id='word_1_114' title='bbox 228 1737 260 1797; x_wconf 91' lang='lat' dir='ltr'>et</span> <span class='ocrx_word' id='word_1_115' title='bbox 289 1737 328 1798; x_wconf 87' lang='lat' dir='ltr'>ut</span> <span class='ocrx_word' id='word_1_116' title='bbox 357 1735 508 1801; x_wconf 86' lang='lat' dir='ltr'>contraria</span> <span class='ocrx_word' id='word_1_117' title='bbox 538 1735 752 1818; x_wconf 88' lang='lat' dir='ltr'>adsignantur,</span> <span class='ocrx_word' id='word_1_118' title='bbox 786 1739 818 1798; x_wconf 88' lang='lat' dir='ltr'>et</span> <span class='ocrx_word' id='word_1_119' title='bbox 849 1738 885 1797; x_wconf 93' lang='lat' dir='ltr'>ut</span> <span class='ocrx_word' id='word_1_120' title='bbox 917 1735 1069 1798; x_wconf 89' lang='lat' dir='ltr'>contraria</span> <span class='ocrx_word' id='word_1_121' title='bbox 1101 1737 1132 1799; x_wconf 87' lang='lat' dir='ltr'>et</span> <span class='ocrx_word' id='word_1_122' title='bbox 1167 1753 1227 1798; x_wconf 94' lang='lat' dir='ltr'>non</span> <span class='ocrx_word' id='word_1_123' title='bbox 1263 1736 1359 1817; x_wconf 91' lang='lat' dir='ltr'>plena</span> 
     </span>
     <span class='ocr_line' id='line_1_15' title="bbox 227 1839 1358 1924; baseline 0.002 -21"><span class='ocrx_word' id='word_1_124' title='bbox 227 1840 369 1905; x_wconf 89' lang='lat' dir='ltr'>ueritatis</span> <span class='ocrx_word' id='word_1_125' title='bbox 396 1841 442 1904; x_wconf 89' lang='lat' dir='ltr'>ito</span> <span class='ocrx_word' id='word_1_126' title='bbox 471 1840 620 1924; x_wconf 89' lang='lat' dir='ltr'>leguntur</span> <span class='ocrx_word' id='word_1_127' title='bbox 647 1860 665 1905; x_wconf 99' lang='lat' dir='ltr'>a</span> <span class='ocrx_word' id='word_1_128' title='bbox 691 1840 846 1923; x_wconf 88' lang='lat' dir='ltr'>plurimis.</span> <span class='ocrx_word' id='word_1_129' title='bbox 880 1839 1085 1924; x_wconf 86' lang='lat' dir='ltr'>Septuaginta</span> <span class='ocrx_word' id='word_1_130' title='bbox 1116 1859 1190 1904; x_wconf 90' lang='lat' dir='ltr'>uero</span> <span class='ocrx_word' id='word_1_131' title='bbox 1223 1840 1358 1905; x_wconf 92' lang='lat' dir='ltr'>duorum</span> 
     </span>
     <span class='ocr_line' id='line_1_16' title="bbox 228 1943 1402 2029; baseline 0 -22"><span class='ocrx_word' id='word_1_132' title='bbox 228 1943 351 2009; x_wconf 90' lang='lat' dir='ltr'>decreta</span> <span class='ocrx_word' id='word_1_133' title='bbox 381 1948 473 2026; x_wconf 87' lang='lat' dir='ltr'>atque</span> <span class='ocrx_word' id='word_1_134' title='bbox 500 1946 653 2024; x_wconf 92' lang='lat' dir='ltr'>consulta,</span> <span class='ocrx_word' id='word_1_135' title='bbox 681 1966 717 2011; x_wconf 91' lang='lat' dir='ltr'>ea</span> <span class='ocrx_word' id='word_1_136' title='bbox 742 1947 849 2029; x_wconf 87' lang='lat' dir='ltr'>legens</span> <span class='ocrx_word' id='word_1_137' title='bbox 877 1943 1036 2028; x_wconf 72' lang='lat' dir='ltr'>ecclelsia</span> <span class='ocrx_word' id='word_1_138' title='bbox 1059 1946 1214 2016; x_wconf 83' lang='lat' dir='ltr'>catholica</span> <span class='ocrx_word' id='word_1_139' title='bbox 1235 1965 1359 2028; x_wconf 91' lang='lat' dir='ltr'>semper</span> <span class='ocrx_word' id='word_1_140' title='bbox 1377 1966 1402 2007; x_wconf 80' lang='lat' dir='ltr'>rs</span> 
     </span>
     <span class='ocr_line' id='line_1_17' title="bbox 227 2050 1359 2134; baseline 0.002 -20"><span class='ocrx_word' id='word_1_141' title='bbox 227 2050 321 2115; x_wconf 85' lang='lat' dir='ltr'>habet</span> <span class='ocrx_word' id='word_1_142' title='bbox 352 2054 383 2115; x_wconf 90' lang='lat' dir='ltr'>et</span> <span class='ocrx_word' id='word_1_143' title='bbox 413 2050 533 2117; x_wconf 88' lang='lat' dir='ltr'>detinet</span> <span class='ocrx_word' id='word_1_144' title='bbox 560 2052 784 2129; x_wconf 80' lang='lat' dir='ltr'>incunctanter,</span> <span class='ocrx_word' id='word_1_145' title='bbox 815 2052 903 2115; x_wconf 91' lang='lat' dir='ltr'>illius</span> <span class='ocrx_word' id='word_1_146' title='bbox 935 2055 1040 2116; x_wconf 91' lang='lat' dir='ltr'>autem</span> <span class='ocrx_word' id='word_1_147' title='bbox 1072 2051 1161 2134; x_wconf 90' lang='lat' dir='ltr'>quasi</span> <span class='ocrx_word' id='word_1_148' title='bbox 1200 2052 1359 2133; x_wconf 89' lang='lat' dir='ltr'>superflua</span> 
     </span>
     <span class='ocr_line' id='line_1_18' title="bbox 185 2155 1358 2235; baseline 0.002 -15"><span class='ocrx_word' id='word_1_149' title='bbox 185 2156 205 2220; x_wconf 88' lang='lat'>5</span> <span class='ocrx_word' id='word_1_150' title='bbox 227 2155 272 2220; x_wconf 91' lang='lat' dir='ltr'>ita</span> <span class='ocrx_word' id='word_1_151' title='bbox 303 2157 448 2221; x_wconf 87' lang='lat' dir='ltr'>aestimat</span> <span class='ocrx_word' id='word_1_152' title='bbox 475 2177 543 2222; x_wconf 89' lang='lat' dir='ltr'>esse</span> <span class='ocrx_word' id='word_1_153' title='bbox 572 2162 604 2222; x_wconf 89' lang='lat' dir='ltr'>et</span> <span class='ocrx_word' id='word_1_154' title='bbox 629 2158 758 2222; x_wconf 89' lang='lat' dir='ltr'>iudicat.</span> <span class='ocrx_word' id='word_1_155' title='bbox 789 2157 876 2221; x_wconf 88' lang='lat' dir='ltr'>Haeo</span> <span class='ocrx_word' id='word_1_156' title='bbox 900 2157 1024 2235; x_wconf 87' lang='lat' dir='ltr'>etenim,</span> <span class='ocrx_word' id='word_1_157' title='bbox 1048 2157 1081 2220; x_wconf 92' lang='lat' dir='ltr'>id</span> <span class='ocrx_word' id='word_1_158' title='bbox 1103 2160 1153 2222; x_wconf 91' lang='lat' dir='ltr'>est</span> <span class='ocrx_word' id='word_1_159' title='bbox 1174 2157 1257 2222; x_wconf 88' lang='lat' dir='ltr'>LXX</span> <span class='ocrx_word' id='word_1_160' title='bbox 1280 2158 1358 2223; x_wconf 91' lang='lat' dir='ltr'>duo·</span> 
     </span>
     <span class='ocr_line' id='line_1_19' title="bbox 226 2263 1357 2346; baseline 0.002 -21"><span class='ocrx_word' id='word_1_161' title='bbox 226 2282 296 2326; x_wconf 91' lang='lat' dir='ltr'>rum</span> <span class='ocrx_word' id='word_1_162' title='bbox 326 2263 550 2345; x_wconf 88' lang='lat' dir='ltr'>interpretatio,</span> <span class='ocrx_word' id='word_1_163' title='bbox 579 2265 637 2328; x_wconf 91' lang='lat' dir='ltr'>sub</span> <span class='ocrx_word' id='word_1_164' title='bbox 665 2263 813 2329; x_wconf 80' lang='lat' dir='ltr'>Tolomeo</span> <span class='ocrx_word' id='word_1_165' title='bbox 841 2282 916 2344; x_wconf 87' lang='lat' dir='ltr'>rego</span> <span class='ocrx_word' id='word_1_166' title='bbox 938 2263 1163 2346; x_wconf 83' lang='lat' dir='ltr'>Aegyptiorum</span> <span class='ocrx_word' id='word_1_167' title='bbox 1189 2267 1264 2344; x_wconf 91' lang='lat' dir='ltr'>post</span> <span class='ocrx_word' id='word_1_168' title='bbox 1283 2263 1357 2328; x_wconf 90' lang='lat' dir='ltr'>Ale·</span> 
     </span>
     <span class='ocr_line' id='line_1_20' title="bbox 226 2363 1356 2450; baseline 0.002 -18"><span class='ocrx_word' id='word_1_169' title='bbox 226 2367 376 2432; x_wconf 85' lang='lat' dir='ltr'>xandrum</span> <span class='ocrx_word' id='word_1_170' title='bbox 402 2363 605 2433; x_wconf 86' lang='lat' dir='ltr'>Macedonem</span> <span class='ocrx_word' id='word_1_171' title='bbox 636 2371 686 2433; x_wconf 89' lang='lat' dir='ltr'>est</span> <span class='ocrx_word' id='word_1_172' title='bbox 716 2367 801 2432; x_wconf 91' lang='lat' dir='ltr'>edita</span> <span class='ocrx_word' id='word_1_173' title='bbox 831 2366 986 2445; x_wconf 90' lang='lat' dir='ltr'>omnibus,</span> <span class='ocrx_word' id='word_1_174' title='bbox 1018 2369 1196 2450; x_wconf 89' lang='lat' dir='ltr'>populoque</span> <span class='ocrx_word' id='word_1_175' title='bbox 1226 2369 1356 2434; x_wconf 88' lang='lat' dir='ltr'>Iudaico</span> 
     </span>
     <span class='ocr_line' id='line_1_21' title="bbox 226 2467 1402 2550; baseline 0.002 -14"><span class='ocrx_word' id='word_1_176' title='bbox 226 2473 258 2536; x_wconf 92' lang='lat' dir='ltr'>in</span> <span class='ocrx_word' id='word_1_177' title='bbox 281 2473 477 2539; x_wconf 87' lang='lat' dir='ltr'>Hierusalem</span> <span class='ocrx_word' id='word_1_178' title='bbox 508 2467 657 2537; x_wconf 79' lang='lat' dir='ltr'>mandata</span> <span class='ocrx_word' id='word_1_179' title='bbox 687 2475 745 2550; x_wconf 89' lang='lat' dir='ltr'>est,</span> <span class='ocrx_word' id='word_1_180' title='bbox 769 2491 841 2537; x_wconf 91' lang='lat' dir='ltr'>cum</span> <span class='ocrx_word' id='word_1_181' title='bbox 863 2473 1040 2537; x_wconf 87' lang='lat' dir='ltr'>habitarent</span> <span class='ocrx_word' id='word_1_182' title='bbox 1062 2493 1123 2537; x_wconf 94' lang='lat' dir='ltr'>non</span> <span class='ocrx_word' id='word_1_183' title='bbox 1145 2474 1237 2538; x_wconf 91' lang='lat' dir='ltr'>multi</span> <span class='ocrx_word' id='word_1_184' title='bbox 1262 2474 1354 2548; x_wconf 82' lang='lat' dir='ltr'>(ibi)</span> <span class='ocrx_word' id='word_1_185' title='bbox 1374 2497 1402 2538; x_wconf 82' lang='lat' dir='ltr'>ao</span> 
     </span>
     <span class='ocr_line' id='line_1_22' title="bbox 226 2574 1357 2664; baseline 0.002 -22"><span class='ocrx_word' id='word_1_186' title='bbox 226 2578 343 2656; x_wconf 90' lang='lat' dir='ltr'>Iudaei,</span> <span class='ocrx_word' id='word_1_187' title='bbox 366 2580 457 2643; x_wconf 91' lang='lat' dir='ltr'>uelut</span> <span class='ocrx_word' id='word_1_188' title='bbox 477 2578 508 2642; x_wconf 93' lang='lat' dir='ltr'>in</span> <span class='ocrx_word' id='word_1_189' title='bbox 532 2578 725 2643; x_wconf 89' lang='lat' dir='ltr'>subiectione</span> <span class='ocrx_word' id='word_1_190' title='bbox 748 2579 811 2642; x_wconf 92' lang='lat' dir='ltr'>iam</span> <span class='ocrx_word' id='word_1_191' title='bbox 833 2578 930 2660; x_wconf 91' lang='lat' dir='ltr'>positi</span> <span class='ocrx_word' id='word_1_192' title='bbox 952 2578 1035 2662; x_wconf 87' lang='lat' dir='ltr'>regis</span> <span class='ocrx_word' id='word_1_193' title='bbox 1058 2574 1217 2662; x_wconf 83' lang='lat' dir='ltr'>Aegyptii,</span> <span class='ocrx_word' id='word_1_194' title='bbox 1240 2582 1357 2664; x_wconf 91' lang='lat' dir='ltr'>rogati-</span> 
     </span>
     <span class='ocr_line' id='line_1_23' title="bbox 228 2676 1355 2766; baseline 0 -17"><span class='ocrx_word' id='word_1_195' title='bbox 228 2704 288 2766; x_wconf 97' lang='lat' dir='ltr'>que</span> <span class='ocrx_word' id='word_1_196' title='bbox 307 2685 344 2748; x_wconf 87' lang='lat' dir='ltr'>ab</span> <span class='ocrx_word' id='word_1_197' title='bbox 362 2685 431 2765; x_wconf 90' lang='lat' dir='ltr'>ipso</span> <span class='ocrx_word' id='word_1_198' title='bbox 445 2688 565 2758; x_wconf 86' lang='lat' dir='ltr'>&lt;suot&gt;</span> <span class='ocrx_word' id='word_1_199' title='bbox 581 2684 738 2763; x_wconf 81' lang='lat' dir='ltr'>Tolomeo,</span> <span class='ocrx_word' id='word_1_200' title='bbox 759 2687 796 2749; x_wconf 93' lang='lat' dir='ltr'>nt</span> <span class='ocrx_word' id='word_1_201' title='bbox 813 2685 997 2765; x_wconf 89' lang='lat' dir='ltr'>interpretes</span> <span class='ocrx_word' id='word_1_202' title='bbox 1016 2676 1214 2749; x_wconf 85' lang='lat' dir='ltr'>mitterentur</span> <span class='ocrx_word' id='word_1_203' title='bbox 1226 2686 1355 2749; x_wconf 83' lang='lat' dir='ltr'>Alexan·</span> 
     </span>
     <span class='ocr_line' id='line_1_24' title="bbox 184 2787 1356 2873; baseline 0.003 -21"><span class='ocrx_word' id='word_1_204' title='bbox 184 2789 335 2854; x_wconf 78' lang='lat' dir='ltr'>(idriam.</span> <span class='ocrx_word' id='word_1_205' title='bbox 373 2787 433 2868; x_wconf 81' lang='lat' dir='ltr'>Qui</span> <span class='ocrx_word' id='word_1_206' title='bbox 466 2809 539 2854; x_wconf 85' lang='lat' dir='ltr'>eum</span> <span class='ocrx_word' id='word_1_207' title='bbox 574 2790 736 2855; x_wconf 90' lang='lat' dir='ltr'>uenissent</span> <span class='ocrx_word' id='word_1_208' title='bbox 772 2789 978 2873; x_wconf 87' lang='lat' dir='ltr'>Septuaginta</span> <span class='ocrx_word' id='word_1_209' title='bbox 1018 2788 1079 2854; x_wconf 95' lang='lat' dir='ltr'>duo</span> <span class='ocrx_word' id='word_1_210' title='bbox 1121 2790 1278 2872; x_wconf 88' lang='lat' dir='ltr'>sapientes</span> <span class='ocrx_word' id='word_1_211' title='bbox 1319 2809 1356 2856; x_wconf 89' lang='lat' dir='ltr'>ao</span> 
     </span>
     <span class='ocr_line' id='line_1_25' title="bbox 226 2895 1356 2979; baseline 0 -19"><span class='ocrx_word' id='word_1_212' title='bbox 226 2896 393 2978; x_wconf 86' lang='lat' dir='ltr'>prudentes</span> <span class='ocrx_word' id='word_1_213' title='bbox 426 2896 487 2960; x_wconf 93' lang='lat' dir='ltr'>uiri</span> <span class='ocrx_word' id='word_1_214' title='bbox 517 2896 713 2979; x_wconf 88' lang='lat' dir='ltr'>interpretes,</span> <span class='ocrx_word' id='word_1_215' title='bbox 750 2897 920 2960; x_wconf 92' lang='lat' dir='ltr'>secundum</span> <span class='ocrx_word' id='word_1_216' title='bbox 955 2896 1045 2959; x_wconf 89' lang='lat' dir='ltr'>iussu</span> <span class='ocrx_word' id='word_1_217' title='bbox 1083 2896 1168 2979; x_wconf 86' lang='lat' dir='ltr'>regis</span> <span class='ocrx_word' id='word_1_218' title='bbox 1198 2895 1356 2970; x_wconf 87' lang='lat' dir='ltr'>Hebream</span> 
     </span>
     <span class='ocr_line' id='line_1_26' title="bbox 226 2999 1411 3085; baseline 0.003 -20"><span class='ocrx_word' id='word_1_219' title='bbox 226 3002 366 3085; x_wconf 88' lang='lat' dir='ltr'>linguam</span> <span class='ocrx_word' id='word_1_220' title='bbox 391 2999 489 3067; x_wconf 85' lang='lat' dir='ltr'>Greco</span> <span class='ocrx_word' id='word_1_221' title='bbox 518 3020 657 3066; x_wconf 90' lang='lat' dir='ltr'>sermone</span> <span class='ocrx_word' id='word_1_222' title='bbox 684 3001 878 3084; x_wconf 85' lang='lat' dir='ltr'>interpretati</span> <span class='ocrx_word' id='word_1_223' title='bbox 902 3000 1149 3066; x_wconf 80' lang='lat' dir='ltr'>Grecis&#39;litteris</span> <span class='ocrx_word' id='word_1_224' title='bbox 1179 3000 1353 3081; x_wconf 89' lang='lat' dir='ltr'>ediderunt,</span> <span class='ocrx_word' id='word_1_225' title='bbox 1373 3027 1411 3068; x_wconf 77' lang='lat' dir='ltr'>se.</span> 
     </span>
     <span class='ocr_line' id='line_1_27' title="bbox 186 3106 1357 3190; baseline 0.004 -22"><span class='ocrx_word' id='word_1_226' title='bbox 186 3106 204 3168; x_wconf 87' lang='lat'>7</span> <span class='ocrx_word' id='word_1_227' title='bbox 228 3107 322 3172; x_wconf 90' lang='lat' dir='ltr'>sicuti</span> <span class='ocrx_word' id='word_1_228' title='bbox 353 3107 529 3171; x_wconf 77' lang='lat' dir='ltr'>attactum</span> <span class='ocrx_word' id='word_1_229' title='bbox 557 3110 614 3172; x_wconf 89' lang='lat' dir='ltr'>est.</span> <span class='ocrx_word' id='word_1_230' title='bbox 648 3107 787 3188; x_wconf 82' lang='lat' dir='ltr'>Cumque</span> <span class='ocrx_word' id='word_1_231' title='bbox 816 3107 1008 3190; x_wconf 86' lang='lat' dir='ltr'>suscepisset</span> <span class='ocrx_word' id='word_1_232' title='bbox 1035 3126 1088 3172; x_wconf 90' lang='lat' dir='ltr'>eos</span> <span class='ocrx_word' id='word_1_233' title='bbox 1112 3108 1279 3171; x_wconf 80' lang='lat' dir='ltr'>Tolomeus</span> <span class='ocrx_word' id='word_1_234' title='bbox 1302 3127 1357 3173; x_wconf 84' lang='lat' dir='ltr'>rex</span> 
     </span>
     <span class='ocr_line' id='line_1_28' title="bbox 226 3212 1357 3296; baseline 0.002 -20"><span class='ocrx_word' id='word_1_235' title='bbox 226 3213 372 3296; x_wconf 82' lang='lat' dir='ltr'>Aegypti,</span> <span class='ocrx_word' id='word_1_236' title='bbox 407 3214 560 3295; x_wconf 89' lang='lat' dir='ltr'>temptare</span> <span class='ocrx_word' id='word_1_237' title='bbox 597 3214 705 3277; x_wconf 91' lang='lat' dir='ltr'>uolens</span> <span class='ocrx_word' id='word_1_238' title='bbox 743 3213 770 3276; x_wconf 89' lang='lat' dir='ltr'>si</span> <span class='ocrx_word' id='word_1_239' title='bbox 807 3215 891 3276; x_wconf 89' lang='lat' dir='ltr'>esset</span> <span class='ocrx_word' id='word_1_240' title='bbox 920 3213 1032 3276; x_wconf 90' lang='lat' dir='ltr'>horum</span> <span class='ocrx_word' id='word_1_241' title='bbox 1064 3213 1170 3276; x_wconf 92' lang='lat' dir='ltr'>diuina</span> <span class='ocrx_word' id='word_1_242' title='bbox 1201 3212 1357 3296; x_wconf 90' lang='lat' dir='ltr'>scriptura</span> 
     </span>
     <span class='ocr_line' id='line_1_29' title="bbox 229 3318 1355 3402; baseline 0.004 -21"><span class='ocrx_word' id='word_1_243' title='bbox 229 3337 320 3398; x_wconf 91' lang='lat' dir='ltr'>quam</span> <span class='ocrx_word' id='word_1_244' title='bbox 352 3318 498 3402; x_wconf 89' lang='lat' dir='ltr'>legebant</span> <span class='ocrx_word' id='word_1_245' title='bbox 523 3318 639 3397; x_wconf 90' lang='lat' dir='ltr'>Iudaei,</span> <span class='ocrx_word' id='word_1_246' title='bbox 671 3319 838 3402; x_wconf 86' lang='lat' dir='ltr'>separatim</span> <span class='ocrx_word' id='word_1_247' title='bbox 870 3337 1024 3399; x_wconf 92' lang='lat' dir='ltr'>quemque</span> <span class='ocrx_word' id='word_1_248' title='bbox 1055 3318 1151 3382; x_wconf 91' lang='lat' dir='ltr'>iussit</span> <span class='ocrx_word' id='word_1_249' title='bbox 1178 3318 1295 3383; x_wconf 91' lang='lat' dir='ltr'>includi</span> <span class='ocrx_word' id='word_1_250' title='bbox 1323 3319 1355 3385; x_wconf 91' lang='lat' dir='ltr'>in</span> 
     </span>
     <span class='ocr_line' id='line_1_30' title="bbox 228 3422 1355 3507; baseline 0.001 -20"><span class='ocrx_word' id='word_1_251' title='bbox 228 3422 407 3487; x_wconf 92' lang='lat' dir='ltr'>cubiculum</span> <span class='ocrx_word' id='word_1_252' title='bbox 442 3424 627 3506; x_wconf 91' lang='lat' dir='ltr'>nullumque</span> <span class='ocrx_word' id='word_1_253' title='bbox 664 3424 769 3488; x_wconf 90' lang='lat' dir='ltr'>uidere</span> <span class='ocrx_word' id='word_1_254' title='bbox 800 3423 897 3487; x_wconf 89' lang='lat' dir='ltr'>alium</span> <span class='ocrx_word' id='word_1_255' title='bbox 928 3424 989 3488; x_wconf 92' lang='lat' dir='ltr'>nisi</span> <span class='ocrx_word' id='word_1_256' title='bbox 1021 3425 1124 3488; x_wconf 92' lang='lat' dir='ltr'>solum</span> <span class='ocrx_word' id='word_1_257' title='bbox 1160 3428 1355 3507; x_wconf 81' lang='lat' dir='ltr'>exceptorem</span> 
     </span>
    </p>
   </div>
   <div class='ocr_carea' id='block_1_3' title="bbox 225 3621 1361 4224">
    <p class='ocr_par' dir='ltr' id='par_1_3' title="bbox 225 3621 1361 4224">
     <span class='ocr_line' id='line_1_31' title="bbox 261 3621 1356 3700; baseline -0.003 -21"><span class='ocrx_word' id='word_1_258' title='bbox 261 3627 278 3679; x_wconf 81' lang='grc'><strong><em>5</em></strong></span> <span class='ocrx_word' id='word_1_259' title='bbox 296 3624 333 3677; x_wconf 86' lang='lat' dir='ltr'>sit</span> <span class='ocrx_word' id='word_1_260' title='bbox 351 3621 394 3677; x_wconf 89' lang='lat' dir='ltr'>dei</span> <span class='ocrx_word' id='word_1_261' title='bbox 411 3623 439 3676; x_wconf 98' lang='lat' dir='ltr'>A</span> <span class='ocrx_word' id='word_1_262' title='bbox 457 3623 501 3676; x_wconf 93' lang='lat' dir='ltr'>dei</span> <span class='ocrx_word' id='word_1_263' title='bbox 520 3624 556 3676; x_wconf 91' lang='lat' dir='ltr'>sit</span> <span class='ocrx_word' id='word_1_264' title='bbox 572 3623 600 3676; x_wconf 91' lang='grc' dir='ltr'><strong><em>Β</em></strong></span> <span class='ocrx_word' id='word_1_265' title='bbox 670 3628 688 3680; x_wconf 88' lang='grc'><strong>6</strong></span> <span class='ocrx_word' id='word_1_266' title='bbox 707 3622 847 3677; x_wconf 88' lang='lat' dir='ltr'>abicienda</span> <span class='ocrx_word' id='word_1_267' title='bbox 866 3623 891 3674; x_wconf 89' lang='lat' dir='ltr'><em>B</em></span> <span class='ocrx_word' id='word_1_268' title='bbox 910 3622 1070 3692; x_wconf 87' lang='lat' dir='ltr'>ambigenda</span> <span class='ocrx_word' id='word_1_269' title='bbox 1082 3624 1115 3677; x_wconf 78' lang='lat' dir='ltr'>-A</span> <span class='ocrx_word' id='word_1_270' title='bbox 1190 3626 1225 3700; x_wconf 81' lang='grc'>10</span> <span class='ocrx_word' id='word_1_271' title='bbox 1246 3621 1310 3691; x_wconf 84' lang='lat' dir='ltr'>quia</span> <span class='ocrx_word' id='word_1_272' title='bbox 1328 3625 1356 3676; x_wconf 90' lang='lat' dir='ltr'>A</span> 
     </span>
     <span class='ocr_line' id='line_1_32' title="bbox 228 3710 1355 3780; baseline -0.003 -16"><span class='ocrx_word' id='word_1_273' title='bbox 228 3712 273 3780; x_wconf 91' lang='lat' dir='ltr'>qni</span> <span class='ocrx_word' id='word_1_274' title='bbox 290 3712 318 3764; x_wconf 98' lang='grc' dir='ltr'><strong><em>Β</em></strong></span> <span class='ocrx_word' id='word_1_275' title='bbox 388 3713 472 3766; x_wconf 90' lang='lat' dir='ltr'>sentit</span> <span class='ocrx_word' id='word_1_276' title='bbox 489 3712 517 3765; x_wconf 92' lang='lat' dir='ltr'><em>B</em></span> <span class='ocrx_word' id='word_1_277' title='bbox 569 3715 603 3768; x_wconf 82' lang='lat'>13</span> <span class='ocrx_word' id='word_1_278' title='bbox 620 3712 796 3780; x_wconf 87' lang='lat' dir='ltr'>adsignantur</span> <span class='ocrx_word' id='word_1_279' title='bbox 815 3714 843 3765; x_wconf 88' lang='lat' dir='ltr'>et</span> <span class='ocrx_word' id='word_1_280' title='bbox 861 3714 892 3763; x_wconf 92' lang='lat' dir='ltr'>ut</span> <span class='ocrx_word' id='word_1_281' title='bbox 910 3711 1043 3765; x_wconf 84' lang='lat' dir='ltr'>contraria</span> <span class='ocrx_word' id='word_1_282' title='bbox 1060 3727 1104 3765; x_wconf 81' lang='lat' dir='ltr'>om</span> <span class='ocrx_word' id='word_1_283' title='bbox 1120 3710 1148 3763; x_wconf 92' lang='lat' dir='ltr'><em>B</em></span> <span class='ocrx_word' id='word_1_284' title='bbox 1208 3713 1241 3766; x_wconf 79' lang='lat'>15</span> <span class='ocrx_word' id='word_1_285' title='bbox 1259 3725 1355 3763; x_wconf 84' lang='lat' dir='ltr'>consu·</span> 
     </span>
     <span class='ocr_line' id='line_1_33' title="bbox 225 3798 1355 3871; baseline -0.002 -19"><span class='ocrx_word' id='word_1_286' title='bbox 225 3799 321 3853; x_wconf 78' lang='lat' dir='ltr'>latuA</span> <span class='ocrx_word' id='word_1_287' title='bbox 374 3803 408 3856; x_wconf 78' lang='grc'>17</span> <span class='ocrx_word' id='word_1_288' title='bbox 420 3800 545 3853; x_wconf 87' lang='lat' dir='ltr'>aestimat</span> <span class='ocrx_word' id='word_1_289' title='bbox 559 3816 617 3852; x_wconf 88' lang='lat' dir='ltr'>esse</span> <span class='ocrx_word' id='word_1_290' title='bbox 630 3800 658 3852; x_wconf 95' lang='grc' dir='ltr'><strong><em>Β</em></strong></span> <span class='ocrx_word' id='word_1_291' title='bbox 670 3800 828 3871; x_wconf 73' lang='lat' dir='ltr'>estimantes</span> <span class='ocrx_word' id='word_1_292' title='bbox 842 3816 871 3852; x_wconf 86' lang='lat' dir='ltr'>se</span> <span class='ocrx_word' id='word_1_293' title='bbox 885 3799 912 3852; x_wconf 89' lang='lat' dir='ltr'>A</span> <span class='ocrx_word' id='word_1_294' title='bbox 983 3798 1195 3868; x_wconf 87' lang='lat' dir='ltr'>septuagintaB</span> <span class='ocrx_word' id='word_1_295' title='bbox 1247 3799 1281 3854; x_wconf 91' lang='grc'>18</span> <span class='ocrx_word' id='word_1_296' title='bbox 1292 3800 1355 3866; x_wconf 94' lang='lat' dir='ltr'>pto·</span> 
     </span>
     <span class='ocr_line' id='line_1_34' title="bbox 227 3884 1361 3955; baseline -0.002 -15"><span class='ocrx_word' id='word_1_297' title='bbox 227 3888 312 3940; x_wconf 87' lang='lat' dir='ltr'>lemeo</span> <span class='ocrx_word' id='word_1_298' title='bbox 330 3887 358 3939; x_wconf 97' lang='grc' dir='ltr'><strong><em>Β</em></strong></span> <span class='ocrx_word' id='word_1_299' title='bbox 437 3890 471 3944; x_wconf 81' lang='grc'>19</span> <span class='ocrx_word' id='word_1_300' title='bbox 487 3886 650 3941; x_wconf 80' lang='lat' dir='ltr'>machedone</span> <span class='ocrx_word' id='word_1_301' title='bbox 667 3888 695 3941; x_wconf 92' lang='lat' dir='ltr'>A</span> <span class='ocrx_word' id='word_1_302' title='bbox 773 3889 809 3942; x_wconf 83' lang='lat'>20</span> <span class='ocrx_word' id='word_1_303' title='bbox 825 3885 997 3955; x_wconf 85' lang='lat' dir='ltr'>&lt;mon&gt;data]</span> <span class='ocrx_word' id='word_1_304' title='bbox 1018 3885 1082 3940; x_wconf 86' lang='lat' dir='ltr'>data</span> <span class='ocrx_word' id='word_1_305' title='bbox 1173 3885 1243 3950; x_wconf 74' lang='lat' dir='ltr'>(ibi)</span> <span class='ocrx_word' id='word_1_306' title='bbox 1256 3884 1361 3938; x_wconf 67' lang='lat' dir='ltr'>addidi</span> 
     </span>
     <span class='ocr_line' id='line_1_35' title="bbox 226 3971 1356 4044; baseline -0.007 -11"><span class='ocrx_word' id='word_1_307' title='bbox 226 3979 259 4033; x_wconf 86' lang='lat'>21</span> <span class='ocrx_word' id='word_1_308' title='bbox 278 3974 359 4029; x_wconf 90' lang='lat' dir='ltr'>nelud</span> <span class='ocrx_word' id='word_1_309' title='bbox 376 3976 402 4028; x_wconf 88' lang='lat' dir='ltr'>A</span> <span class='ocrx_word' id='word_1_310' title='bbox 454 3979 488 4032; x_wconf 79' lang='lat'>22</span> <span class='ocrx_word' id='word_1_311' title='bbox 504 3980 597 4032; x_wconf 75' lang='lat' dir='ltr'>&lt;sano</span> <span class='ocrx_word' id='word_1_312' title='bbox 609 3975 745 4044; x_wconf 81' lang='lat' dir='ltr'>Tolomeo]</span> <span class='ocrx_word' id='word_1_313' title='bbox 764 3975 899 4030; x_wconf 87' lang='lat' dir='ltr'>tholomeo</span> <span class='ocrx_word' id='word_1_314' title='bbox 914 3977 940 4027; x_wconf 88' lang='lat' dir='ltr'>A</span> <span class='ocrx_word' id='word_1_315' title='bbox 958 3975 1091 4044; x_wconf 87' lang='lat' dir='ltr'>ptolemeo</span> <span class='ocrx_word' id='word_1_316' title='bbox 1105 3974 1133 4027; x_wconf 91' lang='grc' dir='ltr'><strong><em>Β</em></strong></span> <span class='ocrx_word' id='word_1_317' title='bbox 1203 3971 1356 4026; x_wconf 83' lang='lat' dir='ltr'>alexandria</span> 
     </span>
     <span class='ocr_line' id='line_1_36' title="bbox 227 4061 1356 4134; baseline -0.004 -16"><span class='ocrx_word' id='word_1_318' title='bbox 227 4068 253 4118; x_wconf 90' lang='lat' dir='ltr'>A</span> <span class='ocrx_word' id='word_1_319' title='bbox 319 4067 354 4121; x_wconf 78' lang='lat'>25</span> <span class='ocrx_word' id='word_1_320' title='bbox 371 4080 452 4134; x_wconf 85' lang='lat' dir='ltr'>grego</span> <span class='ocrx_word' id='word_1_321' title='bbox 471 4064 499 4116; x_wconf 97' lang='grc' dir='ltr'><strong><em>Β</em></strong></span> <span class='ocrx_word' id='word_1_322' title='bbox 514 4082 536 4119; x_wconf 85' lang='lat' dir='ltr'>s.</span> <span class='ocrx_word' id='word_1_323' title='bbox 554 4080 608 4118; x_wconf 78' lang='lat' dir='ltr'>so</span> <span class='ocrx_word' id='word_1_324' title='bbox 689 4065 775 4133; x_wconf 85' lang='lat' dir='ltr'>grecis</span> <span class='ocrx_word' id='word_1_325' title='bbox 793 4066 820 4116; x_wconf 92' lang='lat' dir='ltr'>A</span> <span class='ocrx_word' id='word_1_326' title='bbox 881 4066 916 4120; x_wconf 84' lang='grc'>26</span> <span class='ocrx_word' id='word_1_327' title='bbox 933 4063 1081 4132; x_wconf 89' lang='lat' dir='ltr'>ptolemeus</span> <span class='ocrx_word' id='word_1_328' title='bbox 1099 4062 1127 4114; x_wconf 97' lang='grc' dir='ltr'><strong><em>Β</em></strong></span> <span class='ocrx_word' id='word_1_329' title='bbox 1193 4064 1226 4117; x_wconf 75' lang='grc'>21</span> <span class='ocrx_word' id='word_1_330' title='bbox 1245 4070 1310 4114; x_wconf 80' lang='lat' dir='ltr'>eoru</span> <span class='ocrx_word' id='word_1_331' title='bbox 1327 4061 1356 4113; x_wconf 87' lang='grc' dir='ltr'><strong><em>Β</em></strong></span> 
     </span>
     <span class='ocr_line' id='line_1_37' title="bbox 226 4154 548 4224; baseline -0.012 -13"><span class='ocrx_word' id='word_1_332' title='bbox 226 4158 261 4211; x_wconf 79' lang='grc'>29</span> <span class='ocrx_word' id='word_1_333' title='bbox 279 4157 387 4224; x_wconf 77' lang='lat' dir='ltr'>excepto</span> <span class='ocrx_word' id='word_1_334' title='bbox 406 4164 439 4208; x_wconf 85' lang='lat' dir='ltr'>ed</span> <span class='ocrx_word' id='word_1_335' title='bbox 457 4155 503 4224; x_wconf 92' lang='lat' dir='ltr'>qui</span> <span class='ocrx_word' id='word_1_336' title='bbox 520 4154 548 4207; x_wconf 91' lang='grc' dir='ltr'><strong><em>Β</em></strong></span> 
     </span>
    </p>
   </div>
   <div class='ocr_carea' id='block_1_4' title="bbox 0 0 1448 4620">
    <p class='ocr_par' dir='ltr' id='par_1_4' title="bbox 0 0 1448 4620">
     <span class='ocr_line' id='line_1_38' title="bbox 0 0 1448 4620; baseline 0 0"><span class='ocrx_word' id='word_1_337' title='bbox 0 0 1448 4620; x_wconf 95' lang='lat' dir='ltr'> </span> 
     </span>
    </p>
   </div>
  </div>
 </body>
</html>
