2858 4620
134 304 208 369 XVI
550 300 839 371 Prolegomena.

102 514 106 522 ·
136 495 310 579 praemittit
338 495 465 573 codicis,
488 495 548 560 hoc
577 494 685 560 modo:
715 493 761 559 IN
792 494 878 562 Hoc
906 493 1096 561 CORPORE
1124 494 1262 560 CONTI-

135 600 306 667 NIlNTVR
323 639 366 650 -
388 602 432 666 ID
457 601 531 666 EST
553 600 742 667 IIIhASTRI
765 600 955 675 IlPISOOPI
976 600 1189 666 BRIXANAE
1213 601 1265 667 ci-

135 708 300 774 VITA'IIS
320 745 363 756 -
388 708 441 772 DE
467 705 655 773 OMNIBVS
678 706 910 773 HllRIlSlBVS
934 705 1082 773 sanem
1104 705 1263 772 AMBRO-

138 813 191 880 SII
218 814 273 879 Du
296 851 339 862 -
361 812 514 879 losuPH
541 812 727 880 EIVSDEM
753 813 808 878 Du
832 812 1173 905 BENEDIQTIONIB:
1196 812 1263 897 Pa·

136 918 448 986 TRIAROHARVM.
481 919 570 985 Vnde
594 923 722 1005 apparet
743 919 873 984 titulum
896 918 976 983 hauc
998 918 1035 982 de
1056 919 1196 984 omuibus
1216 918 1263 984 he·

135 1025 255 1091 coedes
286 1046 321 1091 er
348 1026 520 1110 Augustini
547 1025 681 1108 quodam
703 1026 796 1103 libro,
819 1026 852 1090 id
875 1030 925 1091 est
946 1046 982 1091 er
1005 1026 1156 1109 epistolae
1178 1025 1264 1091 illius

136 1132 176 1198 ad
204 1131 461 1212 Quoduultdeum
488 1131 655 1216 principio:
682 1131 851 1212 postutasti
877 1135 912 1196 ut
939 1131 975 1197 de
1001 1131 1147 1198 omnibus
1179 1131 1265 1197 here·

136 1237 225 1304 sibus
242 1284 249 1301 .
265 1286 272 1301 .
289 1237 472 1302 ‚eraderem
499 1235 628 1324 (Oehler
655 1237 746 1321 corp.
769 1237 932 1302 haeresiol.
956 1238 972 1302 Ι
998 1257 1029 1320 p.
1055 1235 1142 1322 189),
1172 1236 1264 1302 illum

137 1364 172 1409 ex
189 1343 262 1409 libri
281 1343 318 1408 de
336 1341 517 1409 haeresibus
536 1343 637 1425 ipsius
657 1355 722 1425 cap.
741 1341 798 1416 41:
822 1341 961 1407 Fr'lostor
978 1346 1081 1406 cutem
1098 1339 1264 1406 Bra'aooas

135 1450 295 1529 episeopus
321 1449 356 1512 ia
381 1447 593 1528 prolixissimo
619 1447 696 1512 libro
722 1468 810 1535 quem
838 1449 876 1514 de
898 1448 1061 1513 heresibus
1085 1447 1225 1512 coadidit
1247 1466 1266 1511 a

65 1563 66 1567 ’
134 1554 269 1619 librariis
292 1554 367 1619 huie
389 1554 468 1619 libro
493 1553 635 1618 additum
659 1572 739 1620 esse.
771 1553 936 1619 Praeterea
964 1572 999 1618 ex
1022 1552 1128 1617 uerbis
1150 1552 1269 1618 indicis

135 1659 253 1726 codicis
271 1660 297 1723 B
321 1671 416 1743 supra
438 1659 566 1724 adlatis:
590 1658 632 1723 Io
653 1658 707 1723 hoo
730 1679 853 1739 corpore
870 1659 1063 1723 continentur
1084 1657 1119 1722 id
1140 1661 1185 1723 est
1205 1657 1267 1722 lo·-

134 1765 227 1830 lostrt
253 1766 387 1847 episcopi
408 1763 572 1829 Brisoana
598 1764 736 1829 multatas
763 1763 800 1828 olo
825 1763 964 1828 mnibus
991 1762 1146 1828 uocaus
1167 1763 1266 1830 uerba

134 1872 170 1934 a'd
192 1875 237 1935 est
259 1870 320 1935 alia
341 1871 460 1936 ratione
489 1890 548 1935 non
571 1873 719 1954 poterunt
742 1869 887 1952 explicari
909 1869 971 1934 nisi
993 1868 1025 1933 id
1049 1869 1133 1953 quod
1157 1888 1193 1934 ea
1216 1887 1262 1935 se·

137 1977 243 2059 quitur
265 1995 376 2042 nomen
401 1980 576 2042 statuemus
599 1976 699 2041 fuisse
721 1975 956 2059 explicationem
974 1975 1109 2040 nominis
1128 1975 1259 2042 alicuius

135 2078 349 2147 antecedentis
381 2082 465 2164 quod
495 2081 640 2146 librarius
671 2101 833 2164 perperam
860 2081 976 2146 omisit.
1013 2083 1115 2163 Atque
1142 2079 1176 2145 in
1204 2079 1259 2150 eod

136 2189 305 2272 Augustini
329 2187 561 2254 vindobonensi
585 2206 656 2253 oum
678 2185 733 2255 illo
755 2187 825 2253 loco
849 2186 1000 2270 epistolae
1024 2186 1062 2251 ad
1086 2184 1259 2265 Quoduult

134 2294 228 2359 deum
247 2292 333 2380 (uide
351 2312 446 2377 supra
462 2313 493 2376 p.
512 2293 579 2375 III),
594 2313 688 2376 supra
709 2292 867 2376 filastrius
889 2311 999 2357 nomen
1023 2293 1141 2375 scripta
1163 2292 1208 2358 sit
1229 2312 1259 2357 or

135 2400 222 2465 uaria
238 2401 343 2479 lectio,
362 2399 434 2464 hino
458 2399 601 2481 suspicor
621 2399 653 2463 in
676 2401 841 2482 archetypo
865 2398 923 2465 cod
940 2399 967 2463 B
986 2398 1138 2481 scriptum
1160 2397 1258 2464 fuisse

134 2507 282 2571 Filostrit
300 2505 519 2589 superscriptis
538 2505 643 2570 uerbis
661 2505 695 2570 id
712 2509 757 2570 ost
771 2504 906 2570 Fttastra’
923 2525 947 2568 e.
959 2504 1001 2569 B.
1020 2526 1042 2568 o.
1062 2519 1156 2589 quam
1176 2504 1258 2589 glos-

134 2631 203 2677 sam
216 2614 254 2676 ut
268 2612 348 2676 solet
359 2611 426 2674 fieri
441 2611 539 2676 solam
554 2611 720 2695 descripsit
736 2611 881 2676 hbrarius
896 2610 955 2675 cod
967 2612 1006 2690 B,
1021 2612 1140 2677 omissa
1151 2612 1259 2712 uetere

131 2718 265 2783 lectione
288 2717 422 2801 genuina
445 2737 523 2803 quae
546 2718 640 2783 fuerit
661 2735 788 2784 necesse
811 2721 860 2783 est
882 2715 1038 2782 Illustria'.
1068 2718 1180 2801 Itaque
1203 2719 1258 2803 qui

16 2847 18 2850 ’
134 2813 337 2907 archetypum
367 2824 558 2889 recensionis
587 2823 646 2892 cod
671 2825 698 2889 B
727 2827 868 2890 seruatae
896 2824 1071 2899 constituit,
1100 2824 1132 2889 in
1164 2824 1258 2891 titulo

134 2930 237 3012 operis
260 2928 479 2995 constituendo
501 2928 589 2994 nisus
613 2932 663 2994 est
681 2929 752 2994 loco
776 2928 929 3012 epistulae
950 2930 1136 3014 Augustini:
1164 2949 1259 3014 quare

134 3036 293 3102 auctorem
322 3033 496 3099 nominarat
517 3032 715 3115 Falacro-ium,
737 3034 852 3099 librum
876 3035 913 3100 de
934 3035 1073 3099 omnibus
1093 3034 1265 3116 lactabas,

134 3144 167 3206 et
187 3139 325 3205 XXVIII
346 3140 493 3206 haereses
513 3143 584 3205 ante
604 3139 724 3205 domini
745 3140 923 3223 passionem
949 3159 1027 3224 quae
1054 3141 1171 3218 fuerint
1197 3162 1259 3209 ser·

134 3246 238 3311 uauit:
268 3250 303 3309 at
336 3245 475 3311 codicem
502 3247 529 3310 A
557 3245 610 3328 qui
642 3245 737 3311 titulo
769 3247 901 3323 ornauit,
923 3246 994 3313 loco
1024 3246 1079 3313 illo
1112 3250 1258 3332 corrupto

131 3351 207 3417 libri
232 3351 270 3416 de
297 3350 479 3418 haeresibus
501 3369 579 3416 usus
599 3349 775 3420 Facerem
797 3353 966 3430 ausuram,
988 3351 1103 3419 librum
1121 3352 1260 3436 appellat

133 3457 171 3522 de
190 3456 346 3523 locutos
367 3459 400 3522 et
422 3457 540 3522 omittit
561 3455 698 3522 XXVIII
719 3456 790 3528 illas
813 3457 958 3524 haereses
980 3457 1054 3541 quia
1071 3458 1102 3522 iu
1118 3457 1200 3524 libro
1220 3459 1259 3525 de

132 3562 315 3629 haeresibus
341 3562 512 3647 Augustini
537 3561 560 3627 1.
583 3580 609 3630 s.
632 3581 693 3627 non
720 3566 941 3646 agnoscuntur.
976 3563 1021 3629 Ex
1047 3563 1106 3628 hac
1132 3563 1259 3630 diuam

132 3669 298 3734 titulomm
329 3669 428 3733 forma
459 3686 495 3733 er
522 3667 693 3753 Augustini
725 3668 850 3752 scriptis
881 3668 981 3752 petita
1012 3671 1151 3734 statuere
1181 3669 1259 3736 licet

71 3762 72 3765 ¹
132 3774 281 3840 caruisse
303 3773 464 3862 quondam*
489 3773 603 3839 librum
634 3774 774 3840 I'ilastrii
805 3774 895 3840 cuius
927 3794 1039 3840 nomen
1071 3776 1196 3841 saeculo
1228 3775 1257 3842 V

133 3879 260 3945 minIme
292 3881 410 3945 clarum
441 3867 535 3944 fuerit
562 3880 697 3945 auctoris
724 3880 849 3946 nomine
878 3879 973 3946 sicuti
994 3880 1195 3966 Augustinus
1219 3882 1257 3947 de

132 3980 251 4052 haeres.
276 3987 316 4050 81
340 3986 400 4072 hoc
423 3985 532 4051 tradit:
568 3985 653 4066 opud
678 3986 831 4071 quendam
857 3989 958 4051 marea
980 3987 1068 4052 cuias
1089 3997 1201 4053 nonae
1222 3988 1258 4053 io

69 4108 71 4111 ·
131 4092 234 4155 eodem
260 4091 326 4156 eius
352 4091 494 4173 opusculo
520 4111 582 4155 non
607 4092 728 4171 obruent,r
745 4092 781 4155 ia
802 4090 942 4156 hereticis
964 4090 1182 4173 Lamforr‘oaos
1198 4115 1256 4177 po

131 4197 208 4261 sitos
230 4197 288 4280 lapi
303 4218 363 4278 per
383 4196 457 4261 hooc
477 4196 572 4261 aerbo
589 4216 615 4262 e.
634 4218 664 4281 q.
683 4217 709 4264 s.
727 4199 929 4281 tenuaturque
950 4199 983 4263 in
1006 4198 1086 4263 codd
1110 4201 1258 4285 anonymi
