2858 4620
631 305 773 362 cr-crrr.
1214 310 1252 374 61

139 500 290 566 iustitiam
321 500 470 565 habentes
503 500 586 582 apud
618 499 787 576 dominum,
815 499 1086 583 repromissionem
1111 521 1255 584 magnam

138 606 232 670 futuri
256 608 420 689 expectant
441 607 580 688 praemii.
603 607 681 671 Mali
704 610 809 671 autem
830 607 899 672 ideo
919 608 1055 684 amalis,
1075 627 1135 672 non
1154 609 1255 672 solum

139 711 232 788 bonis,
256 712 413 776 interdum
436 713 640 796 perimuntur,
663 713 845 801 utiliorum
867 713 1015 796 iniquitas
1035 714 1128 778 etiarn
1146 714 1177 777 in
1196 712 1254 777 hoc

138 818 258 884 saeculo
284 837 319 882 ex
341 823 427 901 parte
446 817 622 904 puniaturii

631 1062 760 1126 LXXIV

176 1220 247 1285 Alia
278 1224 328 1285 est
358 1220 478 1285 heresis
511 1239 589 1302 quae
620 1224 719 1285 terrae
746 1222 866 1285 motum
894 1240 953 1285 non
981 1220 1031 1284 dei
1057 1221 1194 1286 iussione
1221 1225 1253 1286 et
1271 1231 1321 1288 CII

133 1326 342 1410 indignatione
373 1327 450 1404 fieri,
479 1327 534 1391 sed
562 1327 599 1390 de
627 1329 737 1391 natura
765 1326 833 1409 ipsa
855 1327 1077 1392 elementorum
1101 1328 1251 1411 opinatur,

134 1452 202 1496 oum
230 1432 353 1517 ignorat
380 1433 454 1514 quid
483 1433 566 1497 dicat
592 1433 759 1515 scriptura:
794 1429 867 1510 Qui
899 1432 1109 1514 conspicit,
1141 1433 1251 1515 inquit,

133 1542 286 1614 terram,
312 1542 350 1604 et
381 1558 460 1603 eam
495 1535 732 1624 commouett
757 1540 884 1603 ternae
915 1541 1032 1603 motu.
1065 1540 1105 1602 m
1135 1540 1247 1603 iterum
1360 1560 1361 1563 ¹

35 1649 109 1700 10
133 1646 247 1710 adhuc:
270 1645 349 1728 Ego
374 1644 538 1708 monebo
563 1643 715 1707 caelum
734 1647 773 1707 et
789 1647 942 1707 terram.
963 1644 1032 1709 Non
1052 1644 1251 1709 adtendentes
1275 1645 1295 1706 2

131 1750 180 1816 dei
202 1750 384 1832 potentiam,
408 1750 631 1819 elementorum
653 1753 780 1813 naturae
804 1749 918 1813 audent
945 1749 1118 1814 adscribere
1144 1752 1250 1832 poten·

130 1858 192 1923 tiae
215 1857 394 1933 motionem,
421 1859 456 1920 ut
478 1855 603 1938 quidam
626 1855 739 1920 filosofi
762 1855 931 1938 uaniloqui,
956 1856 1010 1938 qui
1032 1874 1134 1920 rerum
1160 1859 1250 1920 natu·

131 1982 180 2028 rae
212 1963 271 2027 hoc
302 1962 512 2026 adscribentes
545 1963 595 2027 dei
624 1961 795 2044 potentiam
827 1980 886 2026 non
918 1965 1140 2045 cognouernnt,
1168 1961 1295 2044 quod3

131 2069 225 2133 etiam
249 2069 279 2131 in
303 2067 484 2131 huiusmodi
507 2068 600 2131 rebus
623 2066 797 2149 indignatio
821 2065 871 2129 dei
893 2070 924 2130 et
945 2067 1085 2149 potentia
1108 2070 1251 2147 operatur

66 2191 114 2234 15
131 2178 162 2240 et
184 2192 273 2237 suam
298 2176 477 2236 commouet
499 2175 670 2236 creaturam
695 2171 905 2235 conuersionis
929 2190 1023 2235 causa
1046 2174 1077 2235 et
1103 2172 1249 2236 utilitatis

131 2280 244 2363 quippe
275 2278 446 2343 multorum
481 2280 678 2360 peccantium
715 2295 750 2340 ac
784 2276 980 2341 redeuntium
1016 2277 1055 2340 ad
1091 2278 1250 2343 dominum

130 2387 317 2450 saluatorem
340 2386 434 2466 atque
457 2386 635 2448 creatorem.

535 2629 538 2640 '
632 2626 747 2696 ‘LXXV

171 2787 242 2853 Alia
265 2791 314 2852 est
336 2786 452 2851 heresis
477 2804 555 2868 quae
577 2784 748 2848 secuudum
771 2803 962 2867 paganorum
981 2784 1151 2849 uanitatem
1170 2786 1248 2850 side·
1268 2796 1331 2864 0111

75 2919 110 2963 20
127 2915 197 2960 rum
224 2893 349 2957 diuersa
376 2891 499 2956 nomina
524 2890 696 2972 profitetur,
725 2893 761 2954 ut
782 2890 913 2954 Hermes
936 2890 990 2954 ille
1013 2891 1247 2975 Trismegistus

128 3001 182 3083 qui
213 3017 313 3063 uanus
346 2999 451 3080 petius
484 3017 577 3079 quam
608 3016 741 3080 magnus
773 2997 958 3061 iudicandus
992 3000 1049 3076 est,
1082 3000 1114 3061 et
1139 3002 1248 3080 pottae
1362 3057 1365 3063 .

128 3105 252 3189 quidam
287 3105 315 3168 ei
347 3103 534 3180 consimiles,
568 3103 622 3184 qui
654 3106 791 3167 cometas
823 3105 856 3166 et
881 3103 1031 3187 pogonias
1059 3106 1090 3167 et
1111 3103 1247 3187 Hyadas,

126 3210 261 3287 Haedos,
291 3213 322 3273 et
349 3210 410 3273 alia
436 3207 617 3273 huiusmodi
645 3208 792 3272 adserunt
818 3208 941 3273 nomine
969 3207 1144 3286 delirantes,
1177 3227 1248 3272 curn

127 3317 280 3400 scriptura
309 3333 409 3397 pauca
439 3314 565 3378 nomina
596 3313 733 3378 siderum
764 3313 852 3378 nobis
885 3313 1015 3379 edixerit
1045 3313 1165 3378 (ficente
1191 3315 1246 3379 Iob

210 3546 228 3598 8
244 3540 342 3594 Psalm.
363 3537 427 3593 0111
445 3538 479 3591 32
531 3537 635 3608 drigg.
653 3539 681 3592 Π
699 3539 732 3592 21

160 3665 175 3720 1
195 3663 370 3732 rephensione
387 3662 426 3714 B¹
444 3663 600 3730 repensione
618 3661 658 3714 B²
675 3661 887 3730 repensationem
906 3660 1057 3716 Sichardcrs
1139 3665 1156 3719 2
1173 3662 1245 3716 futu-

124 3769 180 3805 ram
198 3752 225 3804 A
319 3754 474 3820 exspectant
491 3749 519 3802 Β
611 3766 688 3803 aem
705 3750 743 3803 B1
813 3749 952 3819 ‘o‘iniquas
970 3751 997 3805 A
1067 3751 1202 3822 thereois
1220 3752 1247 3804 Β

124 3839 290 3909 Soonapicis
308 3837 402 3906 inquid
421 3838 446 3888 Β
508 3842 692 3893 deommoues
711 3839 738 3890 B
800 3838 833 3893 11
854 3839 1002 3907 potentiam
1021 3854 1063 3893 om
1081 3839 1119 3891 B¹
1199 3857 1245 3894 au-

125 3926 254 3981 dientA1
345 3927 380 3983 12
407 3925 560 3996 philosophi
577 3926 640 3979 uani
658 3927 685 3979 Β
789 3929 899 3980 naturas
916 3927 943 3979 A
1031 3928 1066 3982 13
1092 3927 1136 3980 dei
1159 3944 1201 3982 om
1219 3929 1246 3982 A

124 4017 159 4072 15
177 4032 225 4069 sua
242 4017 269 4069 A
372 4015 407 4069 19
424 4013 524 4083 heresis
542 4015 570 4067 Β
661 4014 805 4068 secundum
824 4014 983 4083 Fabricius]
1003 4014 1106 4085 pecudu
1123 4015 1150 4069 A
1168 4032 1244 4085 peco-

124 4103 184 4156 dum
203 4103 229 4156 B
300 4103 421 4173 uanitate
440 4102 467 4154 Β
518 4103 553 4157 23
569 4102 636 4155 tatia
650 4103 677 4155 Β
747 4105 908 4157 asseruntA
977 4103 1248 4157 nominaFabra'cius

125 4192 162 4246 24
178 4190 274 4244 dixerit
292 4191 319 4243 Β
