2858 4620
627 268 820 335 xviri-xri.
1262 279 1282 341 9

702 460 750 514 XX

204 565 269 630 Alii
297 570 371 630 sunt
393 567 581 645 Puteoritae‚
611 567 664 650 qui
690 573 802 650 puteos
830 570 936 633 colunt
963 570 994 634 in
1021 573 1120 637 altum
1141 573 1282 640 fodentes

164 671 263 754 deque
295 674 339 737 eis
371 673 547 738 haurientes
580 674 669 754 quasi
701 693 812 757 aquam
843 676 966 752 salutis,
998 677 1029 740 in
1058 698 1094 742 ea
1121 684 1281 763 sperantes

163 778 277 860 aliqua,
314 798 385 844 cnm
422 779 505 844 dicat
541 779 684 845 dominus
719 799 774 864 per
808 782 991 863 prophetam
1026 786 1192 851 monendo:
1224 787 1282 851 Me

129 884 473 967 odereliquerunt
507 886 657 950 fontem
695 905 820 968 aquae
857 887 984 966 uiuae,
1021 892 1058 953 ot
1094 891 1283 957 foderunt

164 991 376 1079 sibilacos
401 991 586 1071 detritos,
610 993 770 1073 quinon
793 996 964 1074 possunt
987 1013 1282 1080 cepereaquam

164 1099 390 1163 salutarem.
424 1095 514 1176 Quod
542 1116 614 1182 ergo
643 1102 712 1162 ante
736 1099 859 1182 dicebat
880 1119 935 1182 per
956 1101 1148 1182 prophetam,
1171 1103 1202 1167 in
1226 1123 1282 1168 sua
1305 1112 1324 1174 2

164 1203 269 1268 diuina
300 1204 477 1285 complebat
506 1204 691 1287 praesentia,
724 1204 843 1269 dicens:
878 1204 1008 1272 Omnis
1040 1209 1106 1289 qui
1139 1227 1180 1272 er
1210 1209 1281 1274 hoo

159 1327 263 1391 ‘aqua
302 1309 492 1374 terrestri
531 1309 690 1385 biberit,
732 1329 871 1376 rursus
913 1313 1047 1379 sitiet:
1093 1314 1137 1379 de
1183 1335 1282 1397 aqna
1369 1327 1371 1330 ’

118 1440 146 1480 ro
164 1417 297 1480 autem
324 1434 437 1495 quam
464 1434 532 1499 ego
561 1415 597 1480 ei
624 1415 732 1492 dabo,
761 1416 794 1481 si
821 1417 981 1497 biberit,
1005 1432 1076 1486 non
1101 1419 1222 1485 sitiet
1243 1421 1281 1485 in

164 1523 381 1599 aeternum,
415 1520 481 1586 sed
509 1521 587 1586 erit
614 1521 648 1585 ei
677 1522 828 1587 saliens
853 1523 892 1587 in
919 1524 1043 1590 uitam
1071 1528 1280 1592 aeternam.

164 1625 286 1711 Quippe
322 1630 388 1692 erat
423 1627 522 1712 gratia
559 1626 734 1693 Christiana
772 1629 920 1711 baptismi
960 1632 1105 1697 salutaris
1145 1633 1280 1699 humano

164 1734 269 1817 generi
291 1751 435 1799 concessa
460 1752 477 1796 a
501 1733 623 1798 domino
648 1736 813 1801 saluatore.

692 1923 755 1977 XXI

117 2061 147 2102 ro
207 2033 278 2097 Alia
309 2035 357 2097 est
387 2031 506 2096 heresis
537 2032 569 2096 in
600 2031 724 2096 ludaeis
757 2051 835 2114 quae
868 2034 1002 2116 serpenti
1031 2034 1223 2100 sacrificabat
1250 2038 1282 2099 et

163 2158 263 2221 usque
295 2138 334 2202 ad
359 2137 522 2202 Ezechiam
552 2145 657 2220 regern
688 2138 876 2202 Iudaeorum
906 2138 1122 2204 beatissimum
1153 2140 1280 2210 eandem

162 2245 356 2329 impietatem
384 2239 573 2312 celebrabatl
588 2244 817 2326 <ser>penti<s
838 2244 931 2308 moreti
955 2245 1107 2326 lepi>mus
1134 2245 1280 2312 inlibris

162 2353 340 2435 Regnorum
363 2349 445 2432 qnod
468 2367 566 2431 usque
590 2349 628 2413 ad
647 2348 809 2414 Ezechiam
829 2350 1021 2415 sacrificabat
1039 2351 1174 2434 serpenti
1192 2371 1281 2417 aereo

162 2458 298 2540 populus
320 2456 518 2532 Iudaeorum,
546 2474 635 2537 quem
659 2455 764 2519 Moses
792 2456 902 2520 beatus
929 2457 1029 2521 facero
1052 2457 1158 2523 iussus
1180 2458 1282 2522 fuerat

117 2594 146 2632 20
164 2564 196 2627 in
223 2564 305 2627 exitu
328 2562 446 2626 Israhel
473 2561 510 2625 de
532 2560 684 2645 Aegypto,
713 2580 783 2625 cum
807 2580 825 2625 a
847 2562 1042 2645 serpentibus
1069 2562 1282 2628 morderentur

163 2669 270 2733 ludaei
293 2669 519 2732 murmurantes
543 2669 635 2755 atque
658 2667 841 2750 deperirent:
869 2668 962 2749 inque
984 2669 1044 2735 hoc
1065 2668 1159 2733 iussit
1181 2668 1280 2733 domi·
1303 2669 1322 2732 2

163 2794 220 2839 nus
247 2779 283 2838 nt
305 2774 421 2839 faceret
442 2773 548 2838 Moses
573 2775 745 2856 serpentem
768 2792 902 2849 aereum,
926 2792 961 2838 ao
984 2768 1187 2859 suspenderet
1208 2794 1279 2839 eum

162 2881 192 2943 in
221 2879 322 2944 medio
350 2878 458 2962 populi
486 2897 579 2961 supra
604 2879 738 2960 lignnm3
767 2881 798 2943 et
826 2879 878 2961 qui
904 2879 1104 2944 intuebantur
1133 2881 1165 2944 in
1197 2900 1278 2956 eum,

163 2986 364 3052 saluabantur
387 3005 404 3049 a
426 2984 525 3069 plagis
549 2988 642 3067 atque
666 2985 797 3050 diuersis
820 2987 1012 3054 uulneribus.
1043 2987 1094 3052 llli
1122 3006 1194 3070 ergo
1218 3006 1279 3052 ser-

117 3120 145 3163 os
162 3092 247 3176 penti
271 3111 358 3157 aereo
382 3111 481 3173 usque
505 3091 543 3155 ad
565 3110 671 3175 regem
694 3085 859 3156 Ezechiam
881 3092 1073 3158 sacrificabat
1094 3093 1278 3158 ludaeorum

162 3200 311 3282 populus3
344 3198 543 3263 formationes
571 3197 666 3261 etiam
692 3197 724 3261 in
750 3198 853 3280 lapide
880 3217 992 3282 magno
1019 3200 1108 3263 uelut
1130 3199 1277 3275 obelisco,

163 3305 217 3386 qui
244 3306 309 3369 erat
336 3303 368 3368 ln
395 3303 511 3385 templo
538 3303 661 3386 positus
688 3322 743 3387 pro
772 3304 924 3380 columna,
948 3303 1031 3367 etin
1055 3322 1089 3367 eo
1112 3303 1277 3369 incisiones

162 3413 195 3476 et
220 3410 441 3494 impressiones
467 3429 559 3473 manu
585 3408 747 3473 bominum
774 3413 805 3473 et
830 3415 867 3474 ut
892 3409 1064 3473 littoramm
1088 3410 1277 3490 quarundam

162 3518 340 3600 sculpentes
362 3514 479 3593 Iudaei,
504 3517 535 3579 et
556 3515 705 3579 formulas
735 3513 873 3579 diuersas
900 3514 1045 3580 tollentes
1073 3518 1105 3580 et
1129 3520 1277 3598 ponentes

117 3653 143 3694 oo
160 3624 193 3695 iu
216 3622 364 3688 lammina
384 3621 563 3685 baiulabant
584 3620 615 3684 in
640 3621 735 3685 collo:
762 3620 985 3686 incantationes
1009 3620 1102 3685 etiam
1131 3621 1277 3686 docentes
1299 3623 1319 3687 3

163 3733 195 3794 et
217 3729 306 3793 uelut
326 3727 476 3791 filacteria
496 3726 655 3804 babentes,
679 3726 774 3790 immo
797 3727 902 3810 potius
926 3730 1099 3791 exercentes
1122 3742 1159 3790 ut
1183 3727 1276 3790 male·

161 3835 241 3908 ficia,
268 3833 376 3898 eadem
402 3832 607 3916 percolebant,
636 3834 729 3913 atque
755 3832 827 3896 inde
854 3832 1033 3916 alligaturas
1061 3835 1093 3896 et
1123 3831 1277 3896 tutamina

249 4020 449 4080 4Ierem.1113
481 4019 708 4077 sloh.1v13.14
744 4019 1023 4089 l'lIVReg.XV1114
1058 4019 1275 4077 rouunxxre

198 4148 230 4203 1⁷
248 4145 416 4214 ser>penti<s
432 4144 510 4198 sicuti
528 4141 661 4214 legumus]
680 4143 814 4212 pentimus
883 4144 919 4197 20
936 4143 986 4197 isrl
1055 4142 1224 4196 moderentur
1237 4141 1274 4196 Β1
