2858 4620
569 244 808 316 Conspectus
835 245 973 316 operis.

216 251 278 316 mo
359 212 362 217 ⁴

256 427 285 507 Ι)
307 445 399 525 post
420 440 744 535 persecutionem
766 443 1006 525 postremam
1029 441 1073 506 XI
1095 441 1283 507 haereses
1310 435 1312 438 ’

215 579 277 651 Cap.
296 579 416 634 LXXXII
434 578 580 634 Nouatiani

232 709 245 734 „
295 666 432 721 LXXXIII
448 668 600 722 Montenses

232 799 244 819 „
294 755 425 810 LXXXIV
440 755 615 810 abstinentes

208 886 244 909 .„
294 844 412 898 LXXXV
431 842 590 898 Ciscnitores

232 972 243 997 „
294 931 426 986 LXXXVI
457 931 502 999 qui
534 946 592 984 cum
618 930 769 985 homiuibus
789 972 802 995 „

294 1034 346 1072 non
365 1022 470 1071 sument
489 1034 561 1072 escas

853 578 926 648 cryla
942 577 1025 633 habet
1039 579 1123 633 solum
1140 578 1329 650 prophetarum

854 669 881 720 et
898 665 1077 736 apostolorum

773 751 835 823 Cap.
853 753 984 808 LXXXIX
999 753 1051 820 Qui
1069 755 1208 825 epistolam
1226 754 1260 809 sd
1272 754 1330 810 He·

853 840 929 896 hreos
954 859 1006 897 non
1029 842 1153 898 adserunt
1176 859 1240 898 esse·
1249 843 1331 898 Pauli

853 929 898 986 XC
916 929 1049 985 Melitiaui

853 1016 912 1074 XCI
931 1018 1054 1073 Retorius

231 1147 243 1170 „
293 1105 439 1160 LXXXVII
452 1105 577 1159 Haeresis
591 1120 658 1174 quse
672 1104 772 1159 adserit
790 1059 803 1171 Z

296 1210 353 1247 cnm
371 1193 477 1247 Iudaeis
495 1210 543 1247 nos
567 1193 661 1247 debere
683 1191 769 1247 facere

293 1281 417 1350 pascham

230 1410 243 1435 „
292 1368 452 1423 LXXXVIII
469 1369 592 1423 Haeresis
614 1381 681 1439 quae
704 1384 767 1438 apo·

854 1103 930 1160 XCII
953 1106 1077 1160 Haeresis
1103 1123 1169 1176 quae
1195 1107 1261 1163 dicit
1287 1108 1330 1162 di·

851 1193 991 1248 uinitstem
1023 1194 1137 1249 doluisse
1173 1210 1232 1250 cum
1268 1211 1331 1251 caro

850 1282 1032 1352 patereturiu
1051 1298 1126 1336 cruce

255 1560 289 1648 l)
313 1563 458 1630 Continet
480 1565 576 1628 altera
597 1563 693 1648 partis
715 1565 747 1629 H
769 1563 921 1647 particula
943 1562 1075 1628 totidem
1093 1563 1196 1646 capita
1213 1563 1331 1632 LXIV

314 1672 390 1752 quot
420 1670 474 1734 illa
504 1670 588 1753 prior
617 1670 687 1735 inde
710 1689 728 1734 a
749 1668 849 1736 XCIII
877 1687 976 1751 usque
1009 1668 1047 1734 ad
1075 1667 1179 1735 CLVI.
1206 1670 1241 1733 In
1268 1671 1330 1735 hac

312 1775 464 1859 particula
485 1795 544 1840 non
568 1778 669 1841 sectas
691 1794 790 1858 neque
814 1778 967 1840 sectamm
990 1777 1142 1852 auctores,
1166 1772 1221 1842 sed
1249 1775 1331 1858 opi-

314 1882 452 1947 niones
480 1881 576 1946 falsas
604 1885 763 1946 enumerat
790 1881 921 1947 eundem
949 1880 1085 1946 ordinem
1112 1881 1175 1947 lere
1196 1883 1331 1966 secutus

313 2004 405 2068 quem
428 1985 528 2050 secuti
550 1988 624 2050 sunt
646 1985 834 2071 doxographi
856 2005 1046 2071 paganorum
1068 1985 1170 2050 ueluti
1188 1985 1330 2054 Pseudo·

313 2090 495 2173 plutarchus
511 2091 547 2155 de
562 2090 688 2174 placitis
702 2091 1065 2176 philosophorum(1)iels
1080 2091 1330 2177 doxogr.p.181.

315 2197 389 2281 145)
404 2199 436 2261 et
451 2196 660 2281 lexicographi
677 2198 777 2263 ueluti
794 2197 894 2263 Iulius
911 2198 1022 2264 Pollux
1040 2197 1093 2263 alii
1116 2197 1154 2283 (I.
1174 2196 1330 2269 Schoene-

313 2321 403 2366 mann
423 2302 466 2399 de
478 2303 703 2388 lexicographis
722 2304 857 2387 antiquis
876 2304 930 2387 qui
947 2323 1048 2369 rerum
1069 2303 1206 2371 ordinem
1225 2307 1331 2371 secuti

312 2411 387 2474 sunt
408 2409 533 2474 Bonnae
557 2409 641 2475 1886
663 2429 693 2492 p.
717 2411 747 2477 7.
771 2411 812 2475 19
836 2428 919 2493 seqq.
945 2407 1023 2476 CCL
1044 2409 1092 2476 Ill
1115 2409 1164 2474 82.
1188 2407 1266 2498 235)

208 2614 271 2685 Cap.
288 2614 378 2671 XClIl
395 2616 428 2670 de
446 2615 495 2671 deo

227 2745 239 2768 „
289 2703 374 2759 XCIV
391 2703 423 2759 de
442 2705 516 2760 caelo
627 2743 630 2748 <

227 2832 239 2856 „
289 2791 359 2847 XCV
378 2791 499 2847 deterre

226 2921 238 2944 „
289 2879 372 2935 XCVI
389 2879 422 2935 ds
440 2896 509 2950 aqua

226 3007 238 3033 „
289 2967 386 3024 XCVII
403 2969 436 3024 de
455 2986 562 3040 corpore
580 2969 694 3024 hominis

225 3096 238 3121 „
288 3055 401 3112 XCVIII
423 3056 455 3111 de
478 3057 567 3112 anima
587 3056 702 3112 hominis
720 3060 748 3112 ct

289 3142 321 3198 de
339 3145 512 3215 inspiratione

225 3274 237 3297 „
287 3231 372 3286 XCIX
390 3231 426 3287 de·
445 3235 533 3288 anima
553 3233 665 3288 hominis
684 3230 762 3288 etde
783 3275 795 3299 „

287 3320 426 3376 intellectu

224 3450 236 3474 „
287 3407 308 3464 C
327 3407 359 3463 de
380 3407 526 3479 pecudibus
544 3408 638 3464 suibus
656 3424 762 3479 serpen-

287 3495 359 3550 tibus
782 3538 794 3563 „

224 3626 235 3649 „
287 3583 323 3640 CI
341 3583 373 3638 de
390 3583 468 3638 malis
485 3584 592 3654 regibus
605 3586 632 3638 et
649 3584 761 3654 pseudo·
781 3628 793 3654 ,,

287 3671 423 3742 prophetis

223 3801 236 3826 „
287 3758 337 3815 CH
355 3758 387 3814 de
405 3765 490 3815 terrae
508 3763 583 3815 motu

224 3891 236 3915 ‚.
288 3846 351 3903 CIII
369 3846 401 3902 de
420 3847 534 3902 siderum
551 3848 700 3903 nominibus

223 3977 235 4002 „
286 3935 346 3992 CIV
364 3936 396 3990 de
413 3936 505 4006 lingua
522 3938 551 3990 et
566 3936 666 4006 linguis

223 4066 235 4091 „
286 4024 331 4081 CV
350 4023 382 4079 de
399 4027 504 4079 nomine
521 4026 630 4095 linguae

222 4153 235 4178 „
286 4111 345 4168 CVI
363 4112 396 4167 de
415 4129 481 4167 anno
501 4113 657 4168 adnuntiate

765 2616 829 2688 Cap.
848 2617 921 2674 CVII
935 2617 967 2672 de
982 2619 1205 2673 consummatione
1224 2618 1329 2672 sacculi

784 2747 796 2772 ,,
848 2705 935 2761 CVIII
953 2705 986 2760 de
1004 2699 1159 2776 gigantibus

784 2836 796 2861 „
848 2794 907 2851 ClX
930 2793 962 2848 de
983 2793 1140 2865 paganitate
1163 2809 1179 2847 a
1201 2791 1251 2847 deo
1272 2809 1327 2847 uon

846 2882 972 2936 instituta
1157 2883 1159 2886 ’

783 3012 796 3037 ,,
847 2969 893 3026 CX
930 2969 962 3024 de
1001 2968 1202 3025 Christianitate
1239 2985 1326 3039 paga-

845 3059 931 3114 nitate
954 3061 982 3113 et
999 3057 1132 3113 ludaismo
1157 3073 1211 3111 non
1232 3061 1326 3126 postc-

843 3145 912 3200 riore

847 3232 906 3289 CXI
923 3232 956 3288 de
974 3232 1136 3304 paganitatis
1154 3232 1256 3302 origine

781 3364 794 3389 „
845 3319 917 3377 CXII
948 3320 980 3375 de
1011 3337 1119 3375 numero
1151 3336 1280 3376 annorum
1307 3339 1328 3378 a

844 3406 936 3463 mnndi
954 3408 1056 3478 origine

846 3495 933 3552 CXIII
950 3495 983 3550 de
1001 3494 1151 3551 nominibus
1170 3496 1274 3552 dierum

845 3584 928 3640 CXIV
964 3584 1075 3639 mundos
1115 3584 1325 3643 innumerabiles

844 3690 897 3727 non
916 3689 972 3728 esse

781 3803 793 3828 „
845 3760 914 3816 CXV
931 3761 1009 3816 deum
1027 3778 1080 3817 non
1099 3759 1219 3816 ‚inuidiae
1241 3767 1325 3819 causa

840 3848 926 3904 Adam
962 3850 1092 3920 expulisse
1128 3848 1160 3904 ds
1195 3850 1324 3920 paradiso

845 3936 922 4004 (Cen.
939 3936 981 3991 III
999 3937 1044 4003 22)

780 4041 792 4091 ,’,
843 4024 927 4081 CXVI
952 4023 1037 4080 Adam
1064 4027 1092 4080 st
1117 4025 1199 4081 Euam
1226 4041 1324 4084 caecos

841 4130 893 4168 non
910 4114 994 4169 fuisse
1012 4113 1089 4182 (Cen.
1107 4113 1149 4169 III
1167 4117 1192 4174 6,.
1211 4116 1237 4182 7)
