2858 4620
142 262 246 326 XXVI
556 259 842 327 Prolegornena.

143 456 213 518 0010
242 453 400 519 Christum
433 452 623 516 continentia
654 455 685 516 01
716 451 790 516 fient
822 470 944 514 summa
976 452 1131 516 subducta
1162 452 1265 534 capita

142 560 197 624 illa
220 560 314 625 CLVI
337 579 415 641 quae
438 558 634 642 Augustinus
658 558 808 641 agnoscit.
836 558 993 622 Librarius
1014 558 1077 622 fuit
1099 561 1131 621 01
1153 559 1263 623 100100

143 670 175 730 01
202 666 344 750 diligens,
369 685 462 747 quaro
490 665 568 729 nihil
596 664 659 728 fere
683 664 789 728 omisit
811 683 918 728 eorum
941 683 1019 746 quae
1041 665 1073 728 in
1097 664 1263 747 archetypo

143 791 199 836 suo
223 771 392 836 inuenerit:
417 772 472 835 sed
495 770 610 835 sciolus
634 772 782 835 nonnulla
804 771 924 835 addidit
946 774 978 834 et
999 772 1137 835 mutauit
1153 771 1264 835 intem·

141 879 279 960 pestiue:
310 898 377 942 raro
406 881 562 942 correctus
591 881 640 942 est
666 876 761 941 codex
784 877 821 941 ab
843 877 968 942 homine
989 877 1108 941 librarii
1131 877 1264 959 aequali.

142 983 330 1067 Paginarum
353 984 485 1048 0001010
506 983 596 1047 10010
618 984 796 1048 notauimns
820 983 878 1048 100
899 983 1006 1048 modo:
1032 993 1051 1066 Ι,
1079 983 1174 1047 codex
1195 983 1264 1065 ipse

143 1089 202 1153 erit
223 1090 253 1151 in
278 1093 382 1153 nostra
406 1089 540 1153 editione
563 1086 596 1151 B
616 1089 722 1153 littera
743 1089 896 1172 signatus.

40 1196 77 1234 0'
184 1195 279 1259 Aliud
311 1195 449 1259 eiusdem
474 1195 632 1278 archetypi
655 1194 736 1258 0010
759 1195 913 1260 10100100
937 1200 985 1260 001
1006 1195 1084 1260 liber
1106 1194 1263 1260 Vindobo-

142 1301 247 1372 nensis
279 1302 475 1384 apographon
508 1321 587 1366 saco.
613 1302 674 1365 XII
699 1303 761 1366 fuit
786 1303 816 1366 in
850 1302 957 1367 eodem
988 1302 1042 1366 illo
1074 1302 1262 1380 monasterio

142 1407 172 1472 S.
195 1406 279 1470 Petri
308 1406 454 1471 Corbeiae
482 1408 641 1489 antiquae:
674 1409 763 1472 cuins
791 1409 883 1472 testis
912 1413 961 1472 est
991 1409 1152 1491 catalogus
1183 1426 1262 1472 0000

140 1512 204 1575 fere
225 1513 308 1575 1200
328 1514 487 1577 confectus
507 1513 589 1594 apud
605 1511 642 1578 G.
661 1513 833 1578 Beckerum
852 1514 984 1598 catalog.
1002 1513 1145 1579 biblioth.
1165 1514 1264 1596 00110.Ι

141 1638 171 1683 n.
193 1619 255 1682 136
274 1639 303 1701 p.
323 1614 397 1697 283,
416 1621 491 1684 258.
516 1616 605 1698 Quod
629 1621 825 1704 apographon
848 1621 910 1684 fuit
930 1620 962 1683 10
986 1621 1092 1684 001100
1110 1639 1171 1684 000
1189 1639 1262 1684 curn

141 1725 249 1789 multis
277 1725 347 1788 aliis
371 1725 516 1808 operibus
540 1726 698 1790 conditum
721 1745 800 1807 quae
823 1725 913 1790 index
935 1726 956 1790 1.
981 1745 1006 1789 0.
1031 1730 1190 1790 enumerat
1212 1726 1261 1789 his

53 1823 56 1830 ’
140 1830 259 1894 uerbis:
279 1835 365 1912 00010
383 1830 526 1894 abbatom
547 1829 781 1898 Oorbco'eosium.
799 1831 920 1896 Donati
937 1831 1038 1900 editio.
1060 1831 1128 1893 0110
1145 1828 1263 1894 Brietii

141 1934 285 1999 Romani.
302 1936 440 2000 Filoster
457 1937 493 2001 dc
510 1937 670 2003 heresibus.
690 1937 870 2002 Ambrosios
887 1939 924 2001 dc
941 1936 1059 2017 Ioseph.
1077 1937 1145 1999 aito
1161 1937 1263 1999 saneti

140 2042 240 2125 Eligit
262 2046 290 2106 01
313 2042 494 2106 Maximini.
517 2045 666 2108 Eiusdem
684 2045 845 2126 prosapiae
864 2044 946 2108 hunc
962 2044 1079 2108 librum
1098 2044 1262 2109 (lorbeien-¹

142 2167 207 2213 sem
239 2150 337 2214 fuisse
370 2153 462 2233 atque
487 2151 755 2216 vindobonensem
777 2151 848 2215 inde
870 2153 997 2232 apparet
1019 2149 1101 2232 quod
1124 2149 1269 2215 suasim

142 2275 220 2336 opus
251 2256 282 2318 in
314 2260 447 2337 utroque
479 2257 584 2322 codice
611 2276 683 2322 cum
710 2258 817 2321 eodem
844 2256 1001 2321 Ambrosii
1027 2258 1162 2320 tractatu
1195 2261 1261 2321 arte

143 2360 342 2426 coniunctum
361 2367 418 2427 est.
436 2364 610 2427 Possumus
628 2364 781 2446 suspicari
799 2383 869 2426 eum
885 2364 939 2445 qui
953 2364 1129 2445 catalogum
1141 2361 1261 2444 byblio-

141 2466 249 2531 thecae
269 2466 462 2533 corbeiensis
486 2470 620 2534 confecit
642 2469 837 2554 neglegentia
859 2469 1002 2533 omisisse
1021 2467 1152 2531 alterum
1169 2466 1260 2530 illum

142 2575 309 2637 tractatum
341 2574 498 2640 Ambrosii
530 2579 662 2640 etcum
696 2578 827 2651 constet,
852 2574 973 2638 litteras
1006 2573 1259 2655 salisburgenses

143 2682 267 2742 anctore
289 2679 410 2744 Arnone
434 2681 580 2764 episcopo
604 2699 684 2745 saec.
702 2681 778 2744 VIH
800 2682 832 2743 et
851 2679 896 2744 IX
919 2679 1073 2743 artissime
1097 2697 1168 2742 cum
1188 2678 1259 2742 Cor-

141 2783 276 2848 beionsis
308 2786 487 2850 monasterii
518 2786 631 2850 studiis
663 2787 760 2851 fuisse
789 2786 978 2858 coniunctas,
1007 2789 1061 2848 aut
1088 2804 1123 2848 ex
1150 2784 1258 2848 eodem

141 2891 308 2974 utrumque
325 2890 439 2955 librum
458 2893 623 2976 archetypo
643 2892 811 2956 deductum
830 2911 898 2956 0000
917 2896 971 2955 001
989 2890 1258 2974 Salisburgensem

142 3013 178 3058 ex
203 2994 260 3060 1110
288 2994 466 3062 Oorheiensi
493 3017 563 3062 0000
591 2999 794 3080 descriptum:
828 2997 884 3061 sed
911 3015 982 3060 cum
1008 2997 1087 3059 liber
1108 2997 1161 3060 ille
1186 2995 1258 3060 Cor·-

141 3101 276 3166 beionsis
298 3103 425 3184 perierit
442 3123 540 3186 noque
559 3105 664 3188 negari
681 3105 783 3186 possit
800 3104 893 3168 etiam
910 3103 992 3166 inter
1010 3101 1258 3185 salisburgensis

142 3206 291 3272 ecclesiae
319 3212 351 3273 et
371 3209 481 3274 Italiae
511 3210 759 3293 septentrionalis
782 3211 910 3276 elericos
934 3209 1152 3274 commercium
1175 3208 1258 3272 litte-

140 3332 245 3377 rarum
271 3314 496 3391 intercessisse,
521 3321 603 3380 certa
630 3317 754 3399 quidem
778 3317 895 3382 ratione
917 3317 979 3380 ista
1005 3315 1144 3398 quaestio
1175 3315 1257 3379 solui

141 3421 290 3500 noriam
316 3422 443 3505 poterit:
477 3421 549 3486 uide
578 3442 655 3503 quae
683 3423 720 3487 de
746 3423 796 3486 his
823 3423 916 3487 rebus
939 3421 1082 3503 exposuit
1103 3421 1143 3484 Κ.
1166 3419 1256 3484 Foltz

143 3526 332 3591 Geschichto
356 3527 409 3590 der
432 3526 617 3612 Salzburger
637 3528 855 3593 Bibliothehen
877 3528 968 3593 Wien
993 3527 1075 3590 1877
1098 3545 1128 3607 p.
1153 3527 1254 3592 8.18.

16 3657 18 3661 ’
141 3633 193 3696 19.
217 3632 331 3696 Tamen
353 3632 432 3697 illud
455 3634 555 3697 multo
577 3633 768 3717 probabilius
792 3633 952 3698 00001010
976 3631 1175 3696 manifestum
1197 3635 1255 3710 est,

142 3730 225 3816 quod
245 3737 368 3801 Brixiae
390 3740 514 3802 saeculo
533 3739 578 3802 IX
595 3739 716 3802 nullum
735 3737 832 3802 luisse
851 3738 988 3802 codicem
1006 3737 1145 3801 11100101
1163 3756 1257 3818 supra

140 3863 171 3925 p.
185 3840 261 3907 VHI
278 3843 456 3908 statuimus.
477 3844 580 3908 Vitam
599 3843 630 3909 S.
650 3838 808 3914 Maximini
826 3845 856 3909 10
876 3844 981 3908 codice
1000 3842 1179 3908 corbeiensi
1199 3845 1254 3909 illo

140 3967 294 4012 una-cum
314 3949 452 4013 Filastrii
473 3950 551 4014 libro
573 3950 727 4015 inclusam
750 3950 848 4014 101000
866 3969 938 4014 cum
956 3949 1064 4013 doceat
1083 3949 1254 4034 catalogus,

141 4073 216 4118 casu
247 4073 307 4118 000
338 4055 454 4118 factum
487 4074 554 4118 esse
586 4054 728 4136 suspicor
753 4055 835 4137 quod
861 4048 892 4118 in
925 4053 1122 4119 celeberrimo
1147 4050 1256 4116 ‘Sancti

11 4156 17 4168 '
140 4159 302 4224 Maximini
318 4160 516 4239 monasterio,
529 4179 624 4243 prope
638 4160 788 4238 Treueros
805 4162 914 4226 urbem
933 4157 1016 4242 quod
1033 4160 1108 4233 erat,
1126 4155 1255 4221 tertium
