<?xml version="1.0" encoding="UTF-8"?>
<!DOCTYPE html PUBLIC "-//W3C//DTD XHTML 1.0 Transitional//EN"
    "http://www.w3.org/TR/xhtml1/DTD/xhtml1-transitional.dtd">
<html xmlns="http://www.w3.org/1999/xhtml" xml:lang="en" lang="en">
 <head>
  <title>
</title>
<meta http-equiv="Content-Type" content="text/html;charset=utf-8" />
  <meta name='ocr-system' content='tesseract 3.04.00' />
  <meta name='ocr-capabilities' content='ocr_page ocr_carea ocr_par ocr_line ocrx_word'/>
</head>
<body>
  <div class='ocr_page' id='page_1' title='image "./sanctifilastrii00marxgoog_0075.png"; bbox 0 0 2858 4620; ppageno 0'>
   <div class='ocr_carea' id='block_1_1' title="bbox 69 276 1007 342">
    <p class='ocr_par' dir='ltr' id='par_1_1' title="bbox 69 276 1007 342">
     <span class='ocr_line' id='line_1_1' title="bbox 69 276 1007 342; baseline 0.005 -11"><span class='ocrx_word' id='word_1_1' title='bbox 69 280 110 342; x_wconf 75' lang='grc'>22</span> <span class='ocrx_word' id='word_1_2' title='bbox 245 277 423 332; x_wconf 83' lang='lat' dir='ltr'><strong>FILASTRII</strong></span> <span class='ocrx_word' id='word_1_3' title='bbox 441 276 674 333; x_wconf 83' lang='lat' dir='ltr'><strong>DIVEBSARVM</strong></span> <span class='ocrx_word' id='word_1_4' title='bbox 691 278 880 335; x_wconf 76' lang='lat' dir='ltr'>HERESEON</span> <span class='ocrx_word' id='word_1_5' title='bbox 898 281 1007 336; x_wconf 81' lang='lat' dir='ltr'>LIBER</span> 
     </span>
    </p>
   </div>
   <div class='ocr_carea' id='block_1_2' title="bbox 590 472 660 538">
    <p class='ocr_par' dir='ltr' id='par_1_2' title="bbox 590 472 660 538">
     <span class='ocr_line' id='line_1_2' title="bbox 590 472 660 538; baseline 0.1 -6"><span class='ocrx_word' id='word_1_6' title='bbox 590 472 660 538; x_wconf 72' lang='grc' dir='ltr'>,ΧΠ</span> 
     </span>
    </p>
   </div>
   <div class='ocr_carea' id='block_1_3' title="bbox 2 612 1229 1014">
    <p class='ocr_par' dir='ltr' id='par_1_3' title="bbox 2 612 1229 1014">
     <span class='ocr_line' id='line_1_3' title="bbox 2 612 1192 695; baseline 0.008 -21"><span class='ocrx_word' id='word_1_7' title='bbox 2 620 48 674; x_wconf 79' lang='lat' dir='ltr'>XL</span> <span class='ocrx_word' id='word_1_8' title='bbox 109 614 187 678; x_wconf 88' lang='lat' dir='ltr'>Post</span> <span class='ocrx_word' id='word_1_9' title='bbox 225 613 309 678; x_wconf 90' lang='lat' dir='ltr'>huno</span> <span class='ocrx_word' id='word_1_10' title='bbox 350 613 476 695; x_wconf 86' lang='lat' dir='ltr'>quidam</span> <span class='ocrx_word' id='word_1_11' title='bbox 516 612 678 679; x_wconf 82' lang='lat' dir='ltr'><strong>Secundus</strong></span> <span class='ocrx_word' id='word_1_12' title='bbox 718 614 841 680; x_wconf 89' lang='lat' dir='ltr'>nomine</span> <span class='ocrx_word' id='word_1_13' title='bbox 880 616 1001 681; x_wconf 84' lang='lat' dir='ltr'>Aeonas</span> <span class='ocrx_word' id='word_1_14' title='bbox 1046 618 1192 684; x_wconf 88' lang='lat' dir='ltr'>similiter</span> 
     </span>
     <span class='ocr_line' id='line_1_4' title="bbox 66 718 1191 806; baseline 0.005 -23"><span class='ocrx_word' id='word_1_15' title='bbox 66 720 179 784; x_wconf 88' lang='lat' dir='ltr'>docens</span> <span class='ocrx_word' id='word_1_16' title='bbox 203 718 319 787; x_wconf 75' lang='lat' dir='ltr'>adserit</span> <span class='ocrx_word' id='word_1_17' title='bbox 340 719 441 784; x_wconf 87' lang='lat' dir='ltr'>factos</span> <span class='ocrx_word' id='word_1_18' title='bbox 463 718 613 797; x_wconf 90' lang='lat' dir='ltr'>infinitos,</span> <span class='ocrx_word' id='word_1_19' title='bbox 633 718 792 785; x_wconf 77' lang='lat' dir='ltr'><strong>Christum</strong></span> <span class='ocrx_word' id='word_1_20' title='bbox 815 724 919 789; x_wconf 86' lang='lat' dir='ltr'>autern</span> <span class='ocrx_word' id='word_1_21' title='bbox 944 722 1033 804; x_wconf 87' lang='lat' dir='ltr'>quasi</span> <span class='ocrx_word' id='word_1_22' title='bbox 1054 742 1110 806; x_wconf 88' lang='lat' dir='ltr'>per</span> <span class='ocrx_word' id='word_1_23' title='bbox 1126 724 1191 789; x_wconf 90' lang='lat' dir='ltr'>fan-</span> 
     </span>
     <span class='ocr_line' id='line_1_5' title="bbox 65 825 1192 913; baseline 0.004 -23"><span class='ocrx_word' id='word_1_24' title='bbox 65 827 178 890; x_wconf 83' lang='lat' dir='ltr'>tasiam</span> <span class='ocrx_word' id='word_1_25' title='bbox 210 825 391 908; x_wconf 80' lang='lat' dir='ltr'><strong>apparuisse</strong></span> <span class='ocrx_word' id='word_1_26' title='bbox 422 825 454 888; x_wconf 91' lang='lat' dir='ltr'>id</span> <span class='ocrx_word' id='word_1_27' title='bbox 481 828 530 889; x_wconf 86' lang='lat' dir='ltr'>est</span> <span class='ocrx_word' id='word_1_28' title='bbox 555 825 657 897; x_wconf 90' lang='lat' dir='ltr'>ueluti</span> <span class='ocrx_word' id='word_1_29' title='bbox 683 827 826 891; x_wconf 87' lang='lat' dir='ltr'>umbram</span> <span class='ocrx_word' id='word_1_30' title='bbox 852 828 987 894; x_wconf 91' lang='lat' dir='ltr'>humano</span> <span class='ocrx_word' id='word_1_31' title='bbox 1015 831 1130 913; x_wconf 81' lang='lat' dir='ltr'>generi,</span> <span class='ocrx_word' id='word_1_32' title='bbox 1159 833 1192 894; x_wconf 87' lang='lat' dir='ltr'>et</span> 
     </span>
     <span class='ocr_line' id='line_1_6' title="bbox 64 929 1229 1014; baseline -0.003 -15"><span class='ocrx_word' id='word_1_33' title='bbox 64 953 125 999; x_wconf 89' lang='lat' dir='ltr'>uon</span> <span class='ocrx_word' id='word_1_34' title='bbox 147 951 253 998; x_wconf 90' lang='lat' dir='ltr'>ueram</span> <span class='ocrx_word' id='word_1_35' title='bbox 277 937 400 996; x_wconf 87' lang='lat' dir='ltr'>carnem</span> <span class='ocrx_word' id='word_1_36' title='bbox 422 929 557 995; x_wconf 87' lang='lat' dir='ltr'>hominis</span> <span class='ocrx_word' id='word_1_37' title='bbox 581 931 728 997; x_wconf 88' lang='lat' dir='ltr'>habuisse</span> <span class='ocrx_word' id='word_1_38' title='bbox 751 932 938 1014; x_wconf 90' lang='lat' dir='ltr'>suspicatur.</span> <span class='ocrx_word' id='word_1_39' title='bbox 1221 953 1229 996; x_wconf 83' lang='lat' dir='ltr'>n</span> 
     </span>
    </p>
   </div>
   <div class='ocr_carea' id='block_1_4' title="bbox 587 1140 665 1204">
    <p class='ocr_par' dir='ltr' id='par_1_4' title="bbox 587 1140 665 1204">
     <span class='ocr_line' id='line_1_7' title="bbox 587 1140 665 1204; baseline 0 0"><span class='ocrx_word' id='word_1_40' title='bbox 587 1140 665 1204; x_wconf 91' lang='lat' dir='ltr'><strong>XIII</strong></span> 
     </span>
    </p>
   </div>
   <div class='ocr_carea' id='block_1_5' title="bbox 0 1280 1229 1692">
    <p class='ocr_par' dir='ltr' id='par_1_5' title="bbox 0 1280 1229 1692">
     <span class='ocr_line' id='line_1_8' title="bbox 0 1280 1190 1365; baseline 0.009 -25"><span class='ocrx_word' id='word_1_41' title='bbox 0 1289 49 1344; x_wconf 63' lang='lat' dir='ltr'>&#39;el</span> <span class='ocrx_word' id='word_1_42' title='bbox 108 1284 186 1348; x_wconf 89' lang='lat' dir='ltr'>Post</span> <span class='ocrx_word' id='word_1_43' title='bbox 220 1282 302 1346; x_wconf 87' lang='lat' dir='ltr'>huno</span> <span class='ocrx_word' id='word_1_44' title='bbox 337 1282 509 1345; x_wconf 89' lang='lat' dir='ltr'>Heracleon</span> <span class='ocrx_word' id='word_1_45' title='bbox 545 1280 720 1363; x_wconf 91' lang='lat' dir='ltr'>discipulus</span> <span class='ocrx_word' id='word_1_46' title='bbox 759 1282 860 1365; x_wconf 89' lang='lat' dir='ltr'>ipsius</span> <span class='ocrx_word' id='word_1_47' title='bbox 901 1285 1042 1364; x_wconf 84' lang='lat' dir='ltr'>surrexit,</span> <span class='ocrx_word' id='word_1_48' title='bbox 1084 1286 1190 1352; x_wconf 90' lang='lat' dir='ltr'>dicens</span> 
     </span>
     <span class='ocr_line' id='line_1_9' title="bbox 64 1389 1191 1474; baseline 0.004 -21"><span class='ocrx_word' id='word_1_49' title='bbox 64 1389 251 1474; x_wconf 89' lang='lat' dir='ltr'>principium</span> <span class='ocrx_word' id='word_1_50' title='bbox 279 1406 348 1452; x_wconf 88' lang='lat' dir='ltr'>esse</span> <span class='ocrx_word' id='word_1_51' title='bbox 375 1406 481 1467; x_wconf 89' lang='lat' dir='ltr'>unum,</span> <span class='ocrx_word' id='word_1_52' title='bbox 509 1406 601 1468; x_wconf 90' lang='lat' dir='ltr'>quem</span> <span class='ocrx_word' id='word_1_53' title='bbox 629 1389 722 1453; x_wconf 91' lang='lat' dir='ltr'>deum</span> <span class='ocrx_word' id='word_1_54' title='bbox 749 1391 895 1472; x_wconf 91' lang='lat' dir='ltr'>appellat,</span> <span class='ocrx_word' id='word_1_55' title='bbox 923 1391 1032 1456; x_wconf 90' lang='lat' dir='ltr'>deinde</span> <span class='ocrx_word' id='word_1_56' title='bbox 1061 1393 1098 1457; x_wconf 90' lang='lat' dir='ltr'>de</span> <span class='ocrx_word' id='word_1_57' title='bbox 1129 1393 1191 1458; x_wconf 88' lang='lat' dir='ltr'>hoo</span> 
     </span>
     <span class='ocr_line' id='line_1_10' title="bbox 64 1494 1192 1578; baseline 0.004 -18"><span class='ocrx_word' id='word_1_58' title='bbox 64 1501 172 1560; x_wconf 89' lang='lat' dir='ltr'>natum</span> <span class='ocrx_word' id='word_1_59' title='bbox 195 1495 289 1573; x_wconf 87' lang='lat' dir='ltr'>aliud,</span> <span class='ocrx_word' id='word_1_60' title='bbox 313 1495 413 1576; x_wconf 88' lang='lat' dir='ltr'>deque</span> <span class='ocrx_word' id='word_1_61' title='bbox 430 1494 480 1559; x_wconf 89' lang='lat' dir='ltr'>his</span> <span class='ocrx_word' id='word_1_62' title='bbox 498 1494 621 1559; x_wconf 86' lang='lat' dir='ltr'>duobus</span> <span class='ocrx_word' id='word_1_63' title='bbox 639 1496 868 1578; x_wconf 82' lang='lat' dir='ltr'>generationem</span> <span class='ocrx_word' id='word_1_64' title='bbox 886 1499 1057 1563; x_wconf 91' lang='lat' dir='ltr'>multorum</span> <span class='ocrx_word' id='word_1_65' title='bbox 1076 1498 1192 1564; x_wconf 83' lang='lat' dir='ltr'>adserit</span> 
     </span>
     <span class='ocr_line' id='line_1_11' title="bbox 64 1600 1229 1692; baseline 0.004 -26"><span class='ocrx_word' id='word_1_66' title='bbox 64 1602 296 1685; x_wconf 78' lang='lat' dir='ltr'>principiorum,</span> <span class='ocrx_word' id='word_1_67' title='bbox 320 1619 391 1665; x_wconf 89' lang='lat' dir='ltr'>oum</span> <span class='ocrx_word' id='word_1_68' title='bbox 414 1600 617 1692; x_wconf 72' lang='lat' dir='ltr'>suispitidem</span> <span class='ocrx_word' id='word_1_69' title='bbox 639 1600 774 1666; x_wconf 90' lang='lat' dir='ltr'>delirans</span> <span class='ocrx_word' id='word_1_70' title='bbox 798 1602 987 1668; x_wconf 86' lang='lat' dir='ltr'>doctoribus.</span> <span class='ocrx_word' id='word_1_71' title='bbox 1207 1631 1229 1673; x_wconf 80' lang='lat' dir='ltr'>ro</span> 
     </span>
    </p>
   </div>
   <div class='ocr_carea' id='block_1_6' title="bbox 589 1809 663 1875">
    <p class='ocr_par' dir='ltr' id='par_1_6' title="bbox 589 1809 663 1875">
     <span class='ocr_line' id='line_1_12' title="bbox 589 1809 663 1875; baseline 0 0"><span class='ocrx_word' id='word_1_72' title='bbox 589 1809 663 1875; x_wconf 84' lang='lat' dir='ltr'>XIV</span> 
     </span>
    </p>
   </div>
   <div class='ocr_carea' id='block_1_7' title="bbox 16 1950 1229 3501">
    <p class='ocr_par' dir='ltr' id='par_1_7' title="bbox 16 1950 1229 2460">
     <span class='ocr_line' id='line_1_13' title="bbox 16 1950 1190 2033; baseline 0.009 -21"><span class='ocrx_word' id='word_1_73' title='bbox 16 1958 44 2012; x_wconf 92' lang='lat'>11</span> <span class='ocrx_word' id='word_1_74' title='bbox 105 1953 232 2020; x_wconf 84' lang='lat' dir='ltr'>Marcus</span> <span class='ocrx_word' id='word_1_75' title='bbox 255 1954 360 2017; x_wconf 90' lang='lat' dir='ltr'>autem</span> <span class='ocrx_word' id='word_1_76' title='bbox 384 1950 510 2033; x_wconf 89' lang='lat' dir='ltr'>quidam</span> <span class='ocrx_word' id='word_1_77' title='bbox 532 1952 606 2033; x_wconf 87' lang='lat' dir='ltr'>post</span> <span class='ocrx_word' id='word_1_78' title='bbox 626 1950 724 2016; x_wconf 89' lang='lat' dir='ltr'>istum</span> <span class='ocrx_word' id='word_1_79' title='bbox 747 1970 912 2019; x_wconf 90' lang='lat' dir='ltr'>successor</span> <span class='ocrx_word' id='word_1_80' title='bbox 934 1953 1001 2018; x_wconf 88' lang='lat' dir='ltr'>eius</span> <span class='ocrx_word' id='word_1_81' title='bbox 1024 1975 1190 2022; x_wconf 90' lang='lat' dir='ltr'>numerum</span> 
     </span>
     <span class='ocr_line' id='line_1_14' title="bbox 64 2056 1189 2144; baseline 0 -15"><span class='ocrx_word' id='word_1_82' title='bbox 64 2067 96 2129; x_wconf 90' lang='lat' dir='ltr'>ct</span> <span class='ocrx_word' id='word_1_83' title='bbox 130 2078 309 2127; x_wconf 89' lang='lat' dir='ltr'>mensuram</span> <span class='ocrx_word' id='word_1_84' title='bbox 348 2060 379 2122; x_wconf 89' lang='lat' dir='ltr'>et</span> <span class='ocrx_word' id='word_1_85' title='bbox 416 2057 593 2134; x_wconf 87' lang='lat' dir='ltr'>cauculum,</span> <span class='ocrx_word' id='word_1_86' title='bbox 629 2056 779 2121; x_wconf 90' lang='lat' dir='ltr'>rationem</span> <span class='ocrx_word' id='word_1_87' title='bbox 816 2058 910 2123; x_wconf 89' lang='lat' dir='ltr'>etiam</span> <span class='ocrx_word' id='word_1_88' title='bbox 947 2062 1189 2144; x_wconf 86' lang='lat' dir='ltr'>computationis</span> 
     </span>
     <span class='ocr_line' id='line_1_15' title="bbox 62 2161 1189 2245; baseline 0 -11"><span class='ocrx_word' id='word_1_89' title='bbox 62 2169 179 2234; x_wconf 89' lang='lat' dir='ltr'>faciens</span> <span class='ocrx_word' id='word_1_90' title='bbox 209 2165 395 2237; x_wconf 87' lang='lat' dir='ltr'>litterarum,</span> <span class='ocrx_word' id='word_1_91' title='bbox 428 2161 518 2245; x_wconf 84' lang='lat' dir='ltr'>quasi</span> <span class='ocrx_word' id='word_1_92' title='bbox 548 2161 730 2227; x_wconf 90' lang='lat' dir='ltr'>uerisimilis</span> <span class='ocrx_word' id='word_1_93' title='bbox 762 2166 793 2229; x_wconf 84' lang='lat' dir='ltr'>et</span> <span class='ocrx_word' id='word_1_94' title='bbox 825 2165 988 2230; x_wconf 89' lang='lat' dir='ltr'>cuiusdam</span> <span class='ocrx_word' id='word_1_95' title='bbox 1018 2168 1063 2231; x_wconf 90' lang='lat' dir='ltr'>rei</span> <span class='ocrx_word' id='word_1_96' title='bbox 1089 2188 1189 2235; x_wconf 91' lang='lat' dir='ltr'>nouae</span> 
     </span>
     <span class='ocr_line' id='line_1_16' title="bbox 61 2267 1229 2354; baseline -0.004 -15"><span class='ocrx_word' id='word_1_97' title='bbox 61 2275 215 2351; x_wconf 89' lang='lat' dir='ltr'>inuentor,</span> <span class='ocrx_word' id='word_1_98' title='bbox 243 2289 316 2335; x_wconf 91' lang='lat' dir='ltr'>oum</span> <span class='ocrx_word' id='word_1_99' title='bbox 343 2268 523 2334; x_wconf 85' lang='lat' dir='ltr'>aestimaret</span> <span class='ocrx_word' id='word_1_100' title='bbox 545 2286 563 2333; x_wconf 88' lang='lat' dir='ltr'>a</span> <span class='ocrx_word' id='word_1_101' title='bbox 585 2267 771 2350; x_wconf 87' lang='lat' dir='ltr'>quibusdem</span> <span class='ocrx_word' id='word_1_102' title='bbox 799 2288 833 2334; x_wconf 92' lang='lat' dir='ltr'>se</span> <span class='ocrx_word' id='word_1_103' title='bbox 860 2289 953 2354; x_wconf 89' lang='lat' dir='ltr'>posse</span> <span class='ocrx_word' id='word_1_104' title='bbox 975 2272 1105 2354; x_wconf 86' lang='lat' dir='ltr'>laudari,</span> <span class='ocrx_word' id='word_1_105' title='bbox 1128 2295 1190 2340; x_wconf 89' lang='lat' dir='ltr'>uon</span> <span class='ocrx_word' id='word_1_106' title='bbox 1209 2296 1229 2336; x_wconf 77' lang='grc' dir='ltr'>ιε</span> 
     </span>
     <span class='ocr_line' id='line_1_17' title="bbox 62 2373 1189 2460; baseline 0.002 -16"><span class='ocrx_word' id='word_1_107' title='bbox 62 2381 94 2444; x_wconf 93' lang='lat' dir='ltr'>in</span> <span class='ocrx_word' id='word_1_108' title='bbox 117 2397 245 2460; x_wconf 88' lang='lat' dir='ltr'>paruam</span> <span class='ocrx_word' id='word_1_109' title='bbox 268 2374 378 2440; x_wconf 91' lang='lat' dir='ltr'>itidem</span> <span class='ocrx_word' id='word_1_110' title='bbox 401 2374 513 2439; x_wconf 87' lang='lat' dir='ltr'>erroris</span> <span class='ocrx_word' id='word_1_111' title='bbox 539 2373 672 2440; x_wconf 79' lang='lat' dir='ltr'>incurrit</span> <span class='ocrx_word' id='word_1_112' title='bbox 698 2375 877 2441; x_wconf 88' lang='lat' dir='ltr'>amentiam.</span> <span class='ocrx_word' id='word_1_113' title='bbox 908 2376 995 2442; x_wconf 90' lang='lat' dir='ltr'>Dicit</span> <span class='ocrx_word' id='word_1_114' title='bbox 1022 2379 1103 2443; x_wconf 90' lang='lat' dir='ltr'>enirn</span> <span class='ocrx_word' id='word_1_115' title='bbox 1129 2380 1189 2446; x_wconf 88' lang='lat' dir='ltr'>ita:</span> 
     </span>
    </p>

    <p class='ocr_par' dir='ltr' id='par_1_8' title="bbox 20 2479 1229 2991">
     <span class='ocr_line' id='line_1_18' title="bbox 20 2479 1190 2568; baseline 0.005 -23"><span class='ocrx_word' id='word_1_116' title='bbox 20 2483 185 2568; x_wconf 79' lang='lat' dir='ltr'>aviginti</span> <span class='ocrx_word' id='word_1_117' title='bbox 221 2482 378 2563; x_wconf 88' lang='lat' dir='ltr'>quattuor,</span> <span class='ocrx_word' id='word_1_118' title='bbox 413 2479 526 2561; x_wconf 87' lang='lat' dir='ltr'>inquit,</span> <span class='ocrx_word' id='word_1_119' title='bbox 560 2479 685 2544; x_wconf 88' lang='lat' dir='ltr'>literae</span> <span class='ocrx_word' id='word_1_120' title='bbox 725 2483 809 2559; x_wconf 87' lang='lat' dir='ltr'>sunt,</span> <span class='ocrx_word' id='word_1_121' title='bbox 850 2500 930 2562; x_wconf 91' lang='lat' dir='ltr'>quae</span> <span class='ocrx_word' id='word_1_122' title='bbox 968 2484 1190 2566; x_wconf 88' lang='lat' dir='ltr'>perfectionem</span> 
     </span>
     <span class='ocr_line' id='line_1_19' title="bbox 62 2585 1190 2671; baseline 0.003 -17"><span class='ocrx_word' id='word_1_123' title='bbox 62 2589 178 2654; x_wconf 89' lang='lat' dir='ltr'>habent</span> <span class='ocrx_word' id='word_1_124' title='bbox 214 2585 352 2652; x_wconf 89' lang='lat' dir='ltr'>omniurn</span> <span class='ocrx_word' id='word_1_125' title='bbox 388 2605 502 2650; x_wconf 88' lang='lat' dir='ltr'>rerum.</span> <span class='ocrx_word' id='word_1_126' title='bbox 537 2585 669 2669; x_wconf 87' lang='lat' dir='ltr'>Propter</span> <span class='ocrx_word' id='word_1_127' title='bbox 704 2585 787 2668; x_wconf 92' lang='lat' dir='ltr'>quod</span> <span class='ocrx_word' id='word_1_128' title='bbox 823 2588 855 2650; x_wconf 93' lang='lat' dir='ltr'>et</span> <span class='ocrx_word' id='word_1_129' title='bbox 886 2585 1041 2667; x_wconf 79' lang='lat' dir='ltr'>Christus,</span> <span class='ocrx_word' id='word_1_130' title='bbox 1076 2589 1190 2671; x_wconf 91' lang='lat' dir='ltr'>inquit,</span> 
     </span>
     <span class='ocr_line' id='line_1_20' title="bbox 62 2688 1189 2778; baseline 0.002 -18"><span class='ocrx_word' id='word_1_131' title='bbox 62 2695 199 2761; x_wconf 85' lang='lat' dir='ltr'>dicebat:</span> <span class='ocrx_word' id='word_1_132' title='bbox 223 2693 303 2777; x_wconf 77' lang='lat' dir='ltr'>Ego</span> <span class='ocrx_word' id='word_1_133' title='bbox 327 2710 411 2756; x_wconf 90' lang='lat' dir='ltr'>sum</span> <span class='ocrx_word' id='word_1_134' title='bbox 432 2691 460 2756; x_wconf 86' lang='lat' dir='ltr'><strong><em>A</em></strong></span> <span class='ocrx_word' id='word_1_135' title='bbox 484 2695 522 2757; x_wconf 89' lang='lat' dir='ltr'>et</span> <span class='ocrx_word' id='word_1_136' title='bbox 544 2688 579 2756; x_wconf 86' lang='lat' dir='ltr'>u.</span> <span class='ocrx_word' id='word_1_137' title='bbox 602 2690 737 2756; x_wconf 87' lang='lat' dir='ltr'>Dicebat</span> <span class='ocrx_word' id='word_1_138' title='bbox 759 2691 852 2756; x_wconf 86' lang='lat' dir='ltr'>etiam</span> <span class='ocrx_word' id='word_1_139' title='bbox 872 2693 959 2775; x_wconf 50' lang='lat' dir='ltr'>‘quod</span> <span class='ocrx_word' id='word_1_140' title='bbox 981 2692 1013 2758; x_wconf 92' lang='lat' dir='ltr'>in</span> <span class='ocrx_word' id='word_1_141' title='bbox 1031 2698 1189 2778; x_wconf 88' lang='lat' dir='ltr'>postremo</span> 
     </span>
     <span class='ocr_line' id='line_1_21' title="bbox 62 2796 1229 2884; baseline 0 -18"><span class='ocrx_word' id='word_1_142' title='bbox 62 2804 201 2884; x_wconf 89' lang='lat' dir='ltr'>tempore</span> <span class='ocrx_word' id='word_1_143' title='bbox 220 2797 364 2864; x_wconf 78' lang='lat' dir='ltr'>Christus</span> <span class='ocrx_word' id='word_1_144' title='bbox 389 2796 548 2862; x_wconf 89' lang='lat' dir='ltr'>deseendit</span> <span class='ocrx_word' id='word_1_145' title='bbox 569 2797 608 2861; x_wconf 90' lang='lat' dir='ltr'>ad</span> <span class='ocrx_word' id='word_1_146' title='bbox 625 2796 733 2863; x_wconf 86' lang='lat' dir='ltr'>Iesum</span> <span class='ocrx_word' id='word_1_147' title='bbox 754 2797 785 2861; x_wconf 95' lang='lat' dir='ltr'>in</span> <span class='ocrx_word' id='word_1_148' title='bbox 809 2797 908 2883; x_wconf 86' lang='lat' dir='ltr'>figura</span> <span class='ocrx_word' id='word_1_149' title='bbox 931 2803 962 2863; x_wconf 91' lang='lat' dir='ltr'>et</span> <span class='ocrx_word' id='word_1_150' title='bbox 984 2801 1229 2869; x_wconf 75' lang='lat' dir='ltr'>similitudines</span> 
     </span>
     <span class='ocr_line' id='line_1_22' title="bbox 61 2901 1189 2991; baseline 0.003 -20"><span class='ocrx_word' id='word_1_151' title='bbox 61 2906 236 2985; x_wconf 88' lang='lat' dir='ltr'>columbae,</span> <span class='ocrx_word' id='word_1_152' title='bbox 265 2907 297 2970; x_wconf 90' lang='lat' dir='ltr'>et</span> <span class='ocrx_word' id='word_1_153' title='bbox 320 2901 480 2970; x_wconf 81' lang='lat' dir='ltr'>Christum</span> <span class='ocrx_word' id='word_1_154' title='bbox 506 2902 612 2986; x_wconf 90' lang='lat' dir='ltr'>ipsum</span> <span class='ocrx_word' id='word_1_155' title='bbox 639 2902 816 2967; x_wconf 90' lang='lat' dir='ltr'>columbam</span> <span class='ocrx_word' id='word_1_156' title='bbox 844 2923 912 2969; x_wconf 89' lang='lat' dir='ltr'>esse</span> <span class='ocrx_word' id='word_1_157' title='bbox 940 2904 1081 2984; x_wconf 89' lang='lat' dir='ltr'>docebat,</span> <span class='ocrx_word' id='word_1_158' title='bbox 1110 2928 1189 2991; x_wconf 88' lang='lat' dir='ltr'>quae</span> 
     </span>
    </p>

    <p class='ocr_par' dir='ltr' id='par_1_9' title="bbox 18 3008 1229 3501">
     <span class='ocr_line' id='line_1_23' title="bbox 18 3008 1189 3093; baseline 0.004 -18"><span class='ocrx_word' id='word_1_159' title='bbox 18 3012 38 3075; x_wconf 82' lang='lat'><strong>3</strong></span> <span class='ocrx_word' id='word_1_160' title='bbox 62 3011 231 3090; x_wconf 89' lang='lat' dir='ltr'>descendit,</span> <span class='ocrx_word' id='word_1_161' title='bbox 257 3009 368 3093; x_wconf 90' lang='lat' dir='ltr'>inquit,</span> <span class='ocrx_word' id='word_1_162' title='bbox 396 3010 436 3074; x_wconf 90' lang='lat' dir='ltr'>ed</span> <span class='ocrx_word' id='word_1_163' title='bbox 462 3008 627 3075; x_wconf 91' lang='lat' dir='ltr'>duodecim</span> <span class='ocrx_word' id='word_1_164' title='bbox 653 3009 786 3088; x_wconf 86' lang='lat' dir='ltr'>Aeonas,</span> <span class='ocrx_word' id='word_1_165' title='bbox 813 3009 846 3074; x_wconf 93' lang='lat' dir='ltr'>id</span> <span class='ocrx_word' id='word_1_166' title='bbox 872 3013 922 3076; x_wconf 89' lang='lat' dir='ltr'>est</span> <span class='ocrx_word' id='word_1_167' title='bbox 953 3011 991 3076; x_wconf 87' lang='lat' dir='ltr'>ad</span> <span class='ocrx_word' id='word_1_168' title='bbox 1023 3013 1189 3080; x_wconf 91' lang='lat' dir='ltr'>duodecim</span> 
     </span>
     <span class='ocr_line' id='line_1_24' title="bbox 62 3104 1189 3206; baseline 0.004 -22"><span class='ocrx_word' id='word_1_169' title='bbox 62 3119 231 3206; x_wconf 87' lang='lat' dir='ltr'>apostolos,</span> <span class='ocrx_word' id='word_1_170' title='bbox 256 3121 288 3180; x_wconf 90' lang='lat' dir='ltr'>et</span> <span class='ocrx_word' id='word_1_171' title='bbox 308 3136 408 3182; x_wconf 91' lang='lat' dir='ltr'>unum</span> <span class='ocrx_word' id='word_1_172' title='bbox 432 3135 466 3180; x_wconf 88' lang='lat' dir='ltr'>er</span> <span class='ocrx_word' id='word_1_173' title='bbox 489 3115 535 3181; x_wconf 92' lang='lat' dir='ltr'>eis</span> <span class='ocrx_word' id='word_1_174' title='bbox 550 3104 719 3193; x_wconf 85' lang='lat' dir='ltr'>occidisse,</span> <span class='ocrx_word' id='word_1_175' title='bbox 737 3115 768 3179; x_wconf 95' lang='lat' dir='ltr'>id</span> <span class='ocrx_word' id='word_1_176' title='bbox 789 3118 838 3181; x_wconf 88' lang='lat' dir='ltr'>est</span> <span class='ocrx_word' id='word_1_177' title='bbox 854 3117 974 3196; x_wconf 89' lang='lat' dir='ltr'>Iudam,</span> <span class='ocrx_word' id='word_1_178' title='bbox 994 3119 1189 3188; x_wconf 87' lang='lat' dir='ltr'>aestimabat.</span> 
     </span>
     <span class='ocr_line' id='line_1_25' title="bbox 62 3221 1188 3307; baseline 0.003 -18"><span class='ocrx_word' id='word_1_179' title='bbox 62 3223 222 3290; x_wconf 81' lang='lat' dir='ltr'>Christum</span> <span class='ocrx_word' id='word_1_180' title='bbox 249 3226 355 3288; x_wconf 90' lang='lat' dir='ltr'>autem</span> <span class='ocrx_word' id='word_1_181' title='bbox 381 3221 524 3304; x_wconf 88' lang='lat' dir='ltr'>putatiue</span> <span class='ocrx_word' id='word_1_182' title='bbox 552 3221 629 3287; x_wconf 91' lang='lat' dir='ltr'>dicit</span> <span class='ocrx_word' id='word_1_183' title='bbox 655 3222 846 3307; x_wconf 85' lang='lat' dir='ltr'>apparuisse,</span> <span class='ocrx_word' id='word_1_184' title='bbox 875 3224 907 3286; x_wconf 95' lang='lat' dir='ltr'>et</span> <span class='ocrx_word' id='word_1_185' title='bbox 932 3244 1061 3306; x_wconf 88' lang='lat' dir='ltr'>passum</span> <span class='ocrx_word' id='word_1_186' title='bbox 1087 3226 1188 3293; x_wconf 78' lang='lat' dir='ltr'>fuisse</span> 
     </span>
     <span class='ocr_line' id='line_1_26' title="bbox 61 3325 1229 3412; baseline 0.005 -19"><span class='ocrx_word' id='word_1_187' title='bbox 61 3329 150 3412; x_wconf 88' lang='lat' dir='ltr'>quasi</span> <span class='ocrx_word' id='word_1_188' title='bbox 181 3348 236 3411; x_wconf 90' lang='lat' dir='ltr'>per</span> <span class='ocrx_word' id='word_1_189' title='bbox 267 3329 419 3406; x_wconf 88' lang='lat' dir='ltr'>umbram,</span> <span class='ocrx_word' id='word_1_190' title='bbox 430 3325 439 3411; x_wconf 74' lang='lat' dir='ltr'><strong>I</strong></span> <span class='ocrx_word' id='word_1_191' title='bbox 447 3346 507 3392; x_wconf 93' lang='lat' dir='ltr'>non</span> <span class='ocrx_word' id='word_1_192' title='bbox 537 3330 642 3392; x_wconf 75' lang='lat' dir='ltr'>tamur</span> <span class='ocrx_word' id='word_1_193' title='bbox 677 3346 750 3392; x_wconf 88' lang='lat' dir='ltr'>uere</span> <span class='ocrx_word' id='word_1_194' title='bbox 781 3347 909 3410; x_wconf 89' lang='lat' dir='ltr'>pessum</span> <span class='ocrx_word' id='word_1_195' title='bbox 947 3348 1072 3412; x_wconf 89' lang='lat' dir='ltr'>corpore</span> <span class='ocrx_word' id='word_1_196' title='bbox 1108 3333 1187 3397; x_wconf 86' lang='lat' dir='ltr'>arbi·</span> <span class='ocrx_word' id='word_1_197' title='bbox 1205 3363 1229 3404; x_wconf 71' lang='lat' dir='ltr'>n</span> 
     </span>
     <span class='ocr_line' id='line_1_27' title="bbox 59 3438 171 3501; baseline 0.018 -2"><span class='ocrx_word' id='word_1_198' title='bbox 59 3438 171 3501; x_wconf 88' lang='lat' dir='ltr'>tratur.</span> 
     </span>
    </p>
   </div>
   <div class='ocr_carea' id='block_1_8' title="bbox 147 3725 608 3796">
    <p class='ocr_par' dir='ltr' id='par_1_10' title="bbox 147 3725 608 3796">
     <span class='ocr_line' id='line_1_28' title="bbox 147 3725 608 3796; baseline -0.007 -12"><span class='ocrx_word' id='word_1_199' title='bbox 147 3725 608 3796; x_wconf 72' lang='lat' dir='ltr'>leupralaxxruxxrlra</span> 
     </span>
    </p>
   </div>
   <div class='ocr_carea' id='block_1_9' title="bbox 60 3883 1185 4201">
    <p class='ocr_par' dir='ltr' id='par_1_11' title="bbox 60 3883 1185 4131">
     <span class='ocr_line' id='line_1_29' title="bbox 94 3883 1184 3944; baseline 0.002 -5"><span class='ocrx_word' id='word_1_200' title='bbox 94 3883 214 3939; x_wconf 70' lang='lat' dir='ltr'>dicatos</span> <span class='ocrx_word' id='word_1_201' title='bbox 232 3883 332 3938; x_wconf 89' lang='lat' dir='ltr'>adserit</span> <span class='ocrx_word' id='word_1_202' title='bbox 349 3884 377 3936; x_wconf 91' lang='lat' dir='ltr'><strong><em>B</em></strong></span> <span class='ocrx_word' id='word_1_203' title='bbox 463 3888 479 3939; x_wconf 77' lang='lat'>7</span> <span class='ocrx_word' id='word_1_204' title='bbox 498 3883 647 3939; x_wconf 83' lang='lat' dir='ltr'>heracheon</span> <span class='ocrx_word' id='word_1_205' title='bbox 664 3885 691 3938; x_wconf 85' lang='lat' dir='ltr'><strong><em>A</em></strong></span> <span class='ocrx_word' id='word_1_206' title='bbox 778 3889 796 3942; x_wconf 88' lang='grc'>8</span> <span class='ocrx_word' id='word_1_207' title='bbox 814 3884 846 3939; x_wconf 88' lang='lat' dir='ltr'>de</span> <span class='ocrx_word' id='word_1_208' title='bbox 865 3901 908 3939; x_wconf 90' lang='lat' dir='ltr'>om</span> <span class='ocrx_word' id='word_1_209' title='bbox 925 3885 952 3939; x_wconf 97' lang='lat' dir='ltr'><strong><em>A</em></strong></span> <span class='ocrx_word' id='word_1_210' title='bbox 1035 3891 1053 3944; x_wconf 82' lang='grc'>9</span> <span class='ocrx_word' id='word_1_211' title='bbox 1071 3887 1139 3941; x_wconf 85' lang='lat' dir='ltr'>aliut</span> <span class='ocrx_word' id='word_1_212' title='bbox 1157 3887 1184 3941; x_wconf 92' lang='lat' dir='ltr'><strong><em>A</em></strong></span> 
     </span>
     <span class='ocr_line' id='line_1_30' title="bbox 60 3970 1185 4041; baseline 0.003 -14"><span class='ocrx_word' id='word_1_213' title='bbox 60 3973 93 4027; x_wconf 84' lang='lat'>12</span> <span class='ocrx_word' id='word_1_214' title='bbox 110 3973 172 4040; x_wconf 88' lang='lat' dir='ltr'>poet</span> <span class='ocrx_word' id='word_1_215' title='bbox 190 3988 232 4027; x_wconf 87' lang='lat' dir='ltr'>om</span> <span class='ocrx_word' id='word_1_216' title='bbox 250 3973 278 4026; x_wconf 88' lang='lat' dir='ltr'><strong><em>A</em></strong></span> <span class='ocrx_word' id='word_1_217' title='bbox 354 3973 388 4027; x_wconf 78' lang='lat'>16</span> <span class='ocrx_word' id='word_1_218' title='bbox 405 3972 433 4024; x_wconf 92' lang='lat' dir='ltr'>in</span> <span class='ocrx_word' id='word_1_219' title='bbox 451 3987 494 4026; x_wconf 83' lang='lat' dir='ltr'>om</span> <span class='ocrx_word' id='word_1_220' title='bbox 512 3970 549 4024; x_wconf 81' lang='grc' dir='ltr'>Βι</span> <span class='ocrx_word' id='word_1_221' title='bbox 637 3975 670 4030; x_wconf 72' lang='lat' dir='ltr'>l?</span> <span class='ocrx_word' id='word_1_222' title='bbox 687 3972 776 4041; x_wconf 86' lang='lat' dir='ltr'>inquit</span> <span class='ocrx_word' id='word_1_223' title='bbox 794 3988 836 4026; x_wconf 89' lang='lat' dir='ltr'>om</span> <span class='ocrx_word' id='word_1_224' title='bbox 854 3974 881 4025; x_wconf 89' lang='lat' dir='ltr'><strong><em>A</em></strong></span> <span class='ocrx_word' id='word_1_225' title='bbox 957 3976 991 4029; x_wconf 77' lang='grc'>19</span> <span class='ocrx_word' id='word_1_226' title='bbox 1007 3974 1141 4029; x_wconf 84' lang='lat' dir='ltr'>Dicebant</span> <span class='ocrx_word' id='word_1_227' title='bbox 1157 3977 1185 4030; x_wconf 88' lang='lat' dir='ltr'><strong><em>A</em></strong></span> 
     </span>
     <span class='ocr_line' id='line_1_31' title="bbox 60 4057 1183 4131; baseline 0.001 -16"><span class='ocrx_word' id='word_1_228' title='bbox 60 4061 92 4115; x_wconf 80' lang='lat'>21</span> <span class='ocrx_word' id='word_1_229' title='bbox 112 4059 197 4128; x_wconf 88' lang='lat' dir='ltr'>ipsam</span> <span class='ocrx_word' id='word_1_230' title='bbox 215 4059 242 4113; x_wconf 97' lang='lat' dir='ltr'><strong><em>A</em></strong></span> <span class='ocrx_word' id='word_1_231' title='bbox 319 4058 427 4113; x_wconf 86' lang='lat' dir='ltr'>dicebat</span> <span class='ocrx_word' id='word_1_232' title='bbox 443 4060 471 4112; x_wconf 91' lang='lat' dir='ltr'><strong><em>A</em></strong></span> <span class='ocrx_word' id='word_1_233' title='bbox 540 4061 574 4116; x_wconf 81' lang='lat'>22</span> <span class='ocrx_word' id='word_1_234' title='bbox 592 4058 688 4130; x_wconf 87' lang='lat' dir='ltr'>inquid</span> <span class='ocrx_word' id='word_1_235' title='bbox 705 4057 744 4113; x_wconf 87' lang='lat' dir='ltr'>A²</span> <span class='ocrx_word' id='word_1_236' title='bbox 760 4059 788 4112; x_wconf 92' lang='lat' dir='ltr'>in</span> <span class='ocrx_word' id='word_1_237' title='bbox 806 4059 845 4113; x_wconf 87' lang='lat' dir='ltr'>A¹</span> <span class='ocrx_word' id='word_1_238' title='bbox 896 4062 950 4116; x_wconf 76' lang='lat'>-25</span> <span class='ocrx_word' id='word_1_239' title='bbox 969 4077 1077 4131; x_wconf 89' lang='lat' dir='ltr'>corpore</span> <span class='ocrx_word' id='word_1_240' title='bbox 1096 4079 1139 4116; x_wconf 83' lang='lat' dir='ltr'>om</span> <span class='ocrx_word' id='word_1_241' title='bbox 1155 4063 1183 4116; x_wconf 82' lang='lat' dir='ltr'><strong><em>A</em></strong></span> 
     </span>
    </p>

    <p class='ocr_par' dir='ltr' id='par_1_12' title="bbox 96 4145 1009 4201">
     <span class='ocr_line' id='line_1_32' title="bbox 96 4145 1009 4201; baseline 0.013 -3"><span class='ocrx_word' id='word_1_242' title='bbox 96 4145 253 4201; x_wconf 87' lang='lat' dir='ltr'>arbitratum</span> <span class='ocrx_word' id='word_1_243' title='bbox 272 4150 298 4201; x_wconf 85' lang='lat' dir='ltr'><strong><em>A</em></strong></span> <span class='ocrx_word' id='word_1_244' title='bbox 1007 4158 1009 4163; x_wconf 66' lang='grc'><strong>“</strong></span> 
     </span>
    </p>
   </div>
   <div class='ocr_carea' id='block_1_10' title="bbox 0 0 1434 4620">
    <p class='ocr_par' dir='ltr' id='par_1_13' title="bbox 0 0 1434 4620">
     <span class='ocr_line' id='line_1_33' title="bbox 0 0 1434 4620; baseline 0 0"><span class='ocrx_word' id='word_1_245' title='bbox 0 0 1434 4620; x_wconf 95' lang='lat' dir='ltr'> </span> 
     </span>
    </p>
   </div>
  </div>
 </body>
</html>
