2858 4620
488 301 775 371 Prolegomena.
1054 303 1186 369 XXXIX

59 493 212 558 Filastrio
233 513 357 575 operam
376 492 494 557 dabunt
512 493 709 558 emendando.
733 493 840 575 Neque
860 493 1001 557 dubitare
1018 513 1068 557 me
1091 511 1184 575 supra

59 599 127 662 dixi
159 599 233 681 quin
266 598 432 664 Gaudentii
467 599 636 682 Augustini
672 599 802 664 aliorum
840 600 975 664 Filastrii
1008 599 1184 681 aequalium

59 705 216 770 editiones
240 723 311 770 cum
334 706 487 789 perfectae
511 709 601 769 emnt
624 705 725 770 ethis
749 725 826 788 quae
852 706 884 769 in
911 707 968 770 hec
995 704 1183 787 praefatione

61 811 195 893 exposui
221 811 352 875 rectiora
381 813 412 874 et
439 812 569 881 certiora
596 811 736 875 futurum
763 813 806 880 sit
831 814 867 874 ut
892 811 1014 893 possint
1038 810 1183 875 enarrari:

59 917 200 980 frustula
230 937 280 980 me
312 917 449 999 undiquc
482 936 660 1001 corrogasse
691 920 728 981 ut
754 917 791 981 dc
818 917 988 1002 Augustini
1017 915 1184 981 Gaudentii

58 1024 214 1086 Actorum
230 1022 352 1086 concilii
369 1021 577 1104 Aquileiensis
601 1023 734 1106 singulis
757 1022 836 1088 locis
859 1022 1012 1091 editorum
1034 1021 1182 1086 beneficio

59 1132 97 1190 et
137 1129 236 1211 gratia
267 1131 351 1192 recte
380 1128 520 1198 ‚iudicari
547 1128 648 1212 possit
686 1129 837 1193 intellexit
876 1130 974 1194 lector
1008 1128 1182 1193 beniuolus.

61 1233 211 1298 Codiocm
231 1233 362 1306 denique
380 1235 516 1316 aliquem
534 1235 777 1318 manuscriptum
797 1233 933 1298 melioris
952 1237 1041 1299 notae
1066 1237 1185 1316 praeter

54 1345 118 1403 'eos
144 1358 234 1428 quos
272 1341 449 1404 enumeraui
484 1340 554 1405 ideo
590 1341 693 1405 minus
729 1340 887 1424 probabile
924 1341 973 1404 est
1009 1339 1182 1414 etiamnunc

60 1447 194 1521 exstare,
219 1444 292 1526 quia
314 1464 413 1528 neque
431 1446 588 1511 Ambrosii
608 1446 721 1510 editori
744 1447 829 1510 ullus
851 1445 988 1510 innotuit
1010 1448 1042 1508 et
1061 1443 1182 1509 Galeas·-

62 1549 139 1614 dum
161 1550 238 1615 elios
261 1554 437 1634 permulta
461 1552 647 1616 monasteria
670 1554 701 1616 et
722 1552 936 1634 bybliothecas
959 1553 1074 1616 frustra
1092 1567 1183 1632 quae-

62 1655 156 1721 siisse
184 1676 218 1720 en
247 1657 291 1721 eis
319 1676 396 1739 ques
423 1676 516 1741 supra
545 1657 672 1722 laudaui
699 1657 885 1722 editionibus
912 1658 949 1721 fit
973 1657 1181 1740 perspicuum.

107 1762 219 1826 Restat
248 1765 285 1826 ut
316 1762 362 1827 eis
395 1763 448 1845 qui
482 1763 514 1827 in
550 1783 630 1829 noua
665 1765 723 1829 hae
754 1763 887 1829 editione
922 1762 1102 1827 instruenda
1131 1781 1181 1826 me

62 1867 195 1951 benigne
214 1868 411 1948 adiuuarent,
425 1870 565 1953 inprimis
583 1871 757 1943 Hermanno
776 1870 902 1948 Vsencr‚
917 1855 1032 1954 gratias
1051 1869 1181 1933 referam

64 1962 174 2038 lubens
211 1975 321 2040 merito
358 1977 411 2058 qui
448 1995 524 2041 anno
558 1978 642 2041 1886
674 1989 744 2041 oum
775 1976 933 2060 Petropoli
967 1976 1110 2060 degerem
1146 1977 1182 2039 ut

65 2079 281 2146 Corbcienscm
314 2081 451 2146 codicem
485 2082 584 2146 denuo
617 2083 787 2147 conferrem·
813 2081 1012 2160 commonuit,
1036 2080 1180 2146 editionis

64 2186 158 2250 huius
182 2189 270 2269 quasi
294 2191 403 2252 auctor
424 2189 536 2266 ent'tit,
560 2189 789 2253 emendationes
816 2188 899 2251 haud
920 2206 1036 2269 paucas
1059 2206 1180 2252 mecum

65 2293 307 2357 communicauit
339 2313 393 2375 per
422 2294 554 2372 litteras,
583 2294 692 2360 Carolo
720 2293 853 2359 Schenkl
883 2294 976 2377 patri·
990 2297 1023 2358 et
1047 2281 1180 2370 Henrico

56 2391 127 2463 'filio
151 2417 282 2479 quorum
305 2399 342 2462 de
369 2399 460 2463 laude
484 2401 515 2463 ct
536 2399 656 2464 meritis
677 2399 739 2462 iam
771 2397 870 2480 supra
884 2397 1002 2474 rettuli,
1025 2396 1180 2463 Guilelmo

67 2502 101 2567 de
128 2503 239 2568 Hartel
261 2503 502 2572 vindobonensi.
534 2505 602 2570 uiro
634 2503 857 2582 illustrissimo,
882 2503 1001 2568 Victori
1026 2502 1180 2567 Iernstedt

64 2609 305 2694 Petropoliteno
332 2611 459 2694 Aloysio
484 2611 680 2677 Goldhacher
706 2611 868 2675 Francisco
895 2609 989 2675 Klein
1012 2608 1180 2693 Augustini

65 2717 100 2779 A.
134 2717 309 2782 ‘Polaschek
347 2717 514 2783 Gaudentii
551 2718 733 2795 editoribus,
773 2717 937 2800 praefectis
978 2715 1110 2797 denique
1150 2718 1194 2778 et'

66 2821 247 2888 custodibus
292 2824 558 2906 bybliothecarum
604 2816 889 2889 Cheltenhamensis
933 2821 1182 2903 Petropolitanae

66 2923 270 2993 Vindobensis
297 2928 553 2994 Vratislauiensis
587 2948 716 3011 quorum
753 2929 784 2991 in
819 2944 950 2991 numero
983 2930 1031 2992 est
1062 2927 1114 3009 qui
1151 2929 1183 2990 et

64 3031 202 3099 doctrina
234 3037 265 3099 et
296 3053 387 3118 opere
419 3035 542 3120 egregie
583 3054 632 3098 me
674 3034 794 3099 adiuuit
830 3033 1009 3116 Theodorus
1043 3033 1181 3098 Gottlieh

63 3134 310 3205 vindobonensis
334 3141 403 3206 aliis
431 3141 595 3223 permultis
619 3160 697 3223 quos
720 3139 862 3222 precihus
885 3139 1017 3223 fetigaui
1039 3141 1076 3202 ut
1096 3138 1181 3202 uide-

58 3249 131 3310 rent
147 3265 185 3309 ne
207 3246 305 3311 lateat
320 3246 352 3310 in
376 3267 433 3314 sua
455 3247 652 3330 bybliotheca
673 3247 752 3312 liber
769 3246 997 3329 manuscriptus
1021 3244 1180 3326 scriptoris

58 3351 121 3414 ram'
140 3370 310 3434 paruumque
327 3353 403 3428 noti,
422 3357 491 3417 tum
505 3352 647 3437 Eduardo
663 3352 817 3417 Schwartz
833 3350 939 3416 Ottoni
959 3348 1055 3414 Seeolr
1073 3349 1181 3414 amicis

56 3453 255 3522 doctissimis
287 3459 340 3541 qni
375 3460 406 3522 in
445 3460 575 3543 singulis
611 3458 683 3523 libri
719 3457 877 3522 fasciculis
910 3455 1099 3539 corrigendis
1131 3475 1181 3520 mc

55 3562 250 3627 adiuuemnt
272 3564 504 3649 benignissime.

103 3721 306 3788 ¹Vindobonae
328 3723 400 3788 Kal.
424 3724 549 3791 Octobr.
571 3722 916 3789 MDCCOLXXXXVII

728 3953 930 4035 Friderr'cus
955 3953 1077 4024 More.
