2858 4620
558 338 840 409 Prolegomena.
1166 348 1256 415 XVII

139 531 318 595 istiusmodi
349 532 448 595 libelli
481 534 655 614 complures
683 535 783 598 ueluti
811 534 1035 601 Praedestinati
1063 539 1115 620 qui
1143 540 1257 607 dicitur

140 634 266 722 (Oehler
290 637 379 718 Corp.
404 639 566 703 haeresiol.
589 640 605 703 I
631 660 661 722 p.
686 641 749 703 233
771 641 861 725 seqq.)
889 644 920 706 et
947 643 1128 710 Tertulliani
1154 648 1256 711 haerc-

139 762 212 806 seon
236 744 370 827 catalogi
388 742 513 825 (Oehler
530 745 551 808 l.
571 764 595 811 s.
616 764 646 826 p.
666 746 727 809 271
746 747 849 828 ceap).
874 745 972 825 Quam
991 750 1256 817 ratiocinationem

138 848 301 913 confirmat
323 848 381 912 cod
398 849 427 913 A
445 850 633 930 subscriptio
656 851 709 916 iol.
731 852 802 915 6911
821 872 899 935 quac
917 853 1045 937 legitur:
1067 856 1256 923 EXPLICIT

138 954 412 1020 DIVIIRSARVM
433 955 713 1021 HERESIIORVM
730 957 861 1022 LIBER.
879 979 957 1041 quae
975 961 1163 1046 subscriptio
1187 983 1256 1030 cum

139 1061 209 1125 aliis
242 1061 279 1124 de
313 1061 415 1125 causis
447 1064 515 1125 tum
542 1061 611 1127 ideo
639 1064 744 1146 magni
772 1064 829 1128 erit
857 1065 1006 1144 facienda,
1030 1068 1113 1149 quod
1134 1070 1256 1152 proprie

138 1167 275 1249 pertinet
307 1166 345 1230 ad
377 1167 458 1231 huuc
485 1167 600 1231 librum
627 1186 683 1232 nec
712 1169 876 1233 coniuncta
903 1174 951 1235 est
973 1191 1044 1237 cum
1070 1172 1163 1239 titulo
1188 1175 1256 1240 eius

139 1273 222 1356 quod
243 1275 467 1356 insequebatur
490 1274 590 1356 operis
615 1275 709 1339 sicuti
731 1275 848 1339 factum
872 1280 921 1340 est
941 1276 972 1341 iu
997 1279 1053 1343 eod
1072 1280 1108 1344 Β.
1133 1278 1201 1359 Quo
1224 1282 1255 1344 in

138 1379 218 1443 libro
250 1378 328 1443 haec
360 1383 460 1444 exstat
487 1379 675 1461 subscriptio
702 1380 756 1453 fol,
785 1381 871 1445 81u:
903 1381 1036 1448 EXPL'I
1067 1384 1257 1451 FILASTRI

138 1471 205 1550 aar
219 1521 262 1532 -
275 1484 465 1549 BRIXIANI
482 1484 537 1548 Du
558 1483 743 1550 OMNIBVS
757 1522 800 1533 —
814 1486 1043 1553 HERllSIBVS
1057 1526 1100 1537 -
1117 1478 1256 1557 mered

137 1590 261 1670 auam
279 1627 321 1638 -
340 1589 541 1656 auauosn
555 1628 596 1637 -
610 1575 681 1655 nri
700 1591 888 1656 uuorona
902 1629 945 1639 -
957 1594 1105 1659 nausis
1127 1597 1182 1661 nu
1199 1597 1257 1662 10-
1282 1645 1285 1652 i

139 1696 245 1762 SIIPH
258 1734 301 1744 -
320 1717 397 1779 quae
421 1716 480 1762 non
502 1698 601 1780 pluris
625 1698 815 1762 aestimanda
838 1702 919 1764 certe
943 1703 992 1764 est
1010 1719 1101 1782 quam
1117 1703 1255 1768 eiusdem

137 1801 209 1866 libri
238 1802 330 1866 index
360 1803 397 1866 de
430 1823 490 1885 quo
519 1822 613 1886 supra
639 1804 832 1868 rettulimus:
861 1804 1015 1886 discrepat
1042 1807 1172 1890 denique
1197 1810 1258 1874 ista

139 1908 326 1989 subscriptio
350 1908 381 1971 in
405 1909 505 1974 forma
526 1906 659 1972 Briadae
681 1910 796 1993 oppidi,
820 1910 902 1993 quod
924 1911 955 1974 in
978 1912 1078 1985 indice
1100 1914 1155 1979 illo
1183 1914 1257 1978 dici-

139 2017 189 2078 tur
211 2012 325 2078 Brixa.

181 2121 290 2202 Itaque
323 2140 400 2185 anno
433 2122 496 2185 430
529 2140 588 2202 quo
621 2140 698 2185 anno
731 2122 847 2185 Romae
880 2123 1011 2189 concilio
1039 2128 1209 2191 conuocato
1239 2146 1257 2189 a

139 2226 314 2291 Caelestino
345 2247 426 2309 papa
451 2227 589 2291 Nestorii
615 2227 753 2292 haeresis
781 2247 862 2291 noua
889 2227 1032 2293 damnata
1058 2233 1116 2312 est,
1143 2230 1257 2300 iterum

138 2332 242 2396 editus
271 2335 320 2396 est
341 2331 480 2397 Filastrii
506 2333 585 2396 liber
610 2333 732 2396 nomine
761 2333 919 2415 scriptoris
944 2336 1101 2399 subtracto
1125 2354 1196 2399 cum
1221 2355 1256 2401 eo

136 2439 231 2502 titulo
260 2457 352 2519 quern
379 2438 468 2503 nobis
496 2437 613 2503 codicis
634 2439 662 2502 A
686 2439 873 2521 subscriptio
902 2440 1040 2504 seruauit
1065 2441 1258 2507 DIVERSA·

135 2546 230 2609 RVM
252 2543 472 2620 HIIRIISEON
493 2545 629 2608 LIBER:
657 2564 749 2626 quem
772 2544 899 2609 titulum
921 2546 953 2609 in
976 2546 1060 2610 exitu
1081 2546 1154 2611 libri
1175 2548 1257 2629 posi·

136 2656 207 2714 tum
230 2652 354 2734 egregie
377 2652 466 2715 uides
490 2651 648 2717 concinere
672 2671 743 2716 cum
765 2651 837 2715 libri
861 2652 981 2717 exordio
1005 2654 1077 2717 hoc:
1105 2651 1154 2716 De
1175 2652 1256 2717 bere·

134 2777 209 2821 seon
239 2757 364 2828 diuersa
392 2756 566 2836 pestilentia
596 2757 752 2840 acriisque
784 2756 938 2820 erroribus
969 2777 995 2821 e.
1024 2776 1052 2838 q.
1082 2777 1106 2825 s.
1143 2757 1257 2822 Paucis

136 2865 226 2928 annis
259 2866 332 2946 post
363 2863 481 2927 editum
512 2863 627 2926 llbrum
653 2862 904 2927 Praedestinatus
934 2863 987 2944 qui
1018 2861 1133 2927 dicitur
1164 2882 1255 2928 suum

136 2969 324 3050 conscripsit
358 2969 525 3033 haereseon
561 2969 737 3051 catalogum
778 2988 869 3049 quem
908 2968 1052 3033 uidemus
1088 2969 1257 3051 Augustini

134 3075 251 3140 librum
276 3074 313 3138 de
336 3075 514 3139 haeresibus
538 3094 592 3157 pro
616 3073 754 3138 Filastrii
777 3093 867 3155 opere
890 3073 1049 3138 uenditare
1071 3074 1255 3139 lectoribus:

135 3201 208 3246 nam
240 3183 268 3246 is
300 3185 337 3246 ut
368 3185 433 3246 erat
461 3182 613 3263 impostor
642 3181 857 3246 fraudulentus
888 3184 936 3245 ter
961 3180 1131 3264 Augustini
1162 3182 1258 3245 uerba

137 3289 254 3353 adtulit
284 3291 444 3370 tamquam
477 3289 540 3352 sint
570 3287 709 3351 Filastrii
740 3286 774 3371 (l.
809 3305 833 3350 s.
866 3306 891 3350 s.
925 3304 1012 3368 capp.
1045 3287 1096 3351 52.
1130 3287 1181 3351 57.
1216 3287 1256 3349 72

136 3417 169 3479 p.
193 3396 267 3459 253.
292 3396 364 3460 254.
388 3395 450 3458 260
474 3394 543 3458 edit.
573 3392 714 3476 Oebleri).
753 3390 851 3470 Quem
877 3392 991 3455 librum
1019 3391 1137 3473 primus
1161 3390 1258 3456 edidit

136 3502 162 3565 I.
188 3500 370 3565 Sirmondus
396 3499 524 3564 ParisiIs
554 3501 648 3576 1643,
676 3499 789 3563 iterum
816 3497 932 3561 ibidem
964 3497 1066 3561 editus
1096 3499 1145 3560 est
1173 3497 1256 3559 1045

137 3606 260 3672 adiecta
289 3607 403 3671 Auraei
435 3625 563 3670 censura
594 3605 647 3686 qui
678 3605 715 3668 de
746 3604 817 3668 libri
848 3603 951 3668 indole
987 3606 1071 3666 recte
1106 3600 1259 3665 iudicauit

137 3714 227 3798 (conf
255 3732 401 3777 censurae
428 3733 457 3795 p.
483 3714 523 3776 25
548 3714 659 3794 seqq.):
692 3731 785 3793 quare
817 3730 876 3775 non
909 3728 981 3773 euro
1013 3708 1147 3772 indicem
1177 3708 1256 3772 libro

137 3820 349 3904 praepositum
373 3819 422 3883 his
443 3819 560 3883 uerbis:
583 3819 692 3898 cambit
709 3819 840 3897 epitoma
858 3816 1019 3880 eediceseos
1042 3812 1135 3894 Yqiac‘
1153 3818 1258 3876 eontra

137 3925 341 3989 heresiarches
363 3927 391 3989 et
413 3925 632 4004 categoriarum
650 3922 825 4004 Epcpbooia'
847 3925 952 3984 eontra
973 3922 1070 3983 sectos
1092 3922 1120 3981 et
1142 3919 1259 3998 eapost-

138 4033 260 4096 tc'oacm
281 4031 415 4094 Filostrc'
437 4032 490 4115 qui
511 4030 566 4094 bos
588 4030 778 4109 trarrsfercas
801 4030 835 4092 iu
857 4026 1006 4090 Latinam
1028 4044 1195 4088 sermonem
1223 4023 1259 4088 de

142 4137 241 4202 Graec
268 4157 336 4202 euro
358 4137 494 4200 Arriani
522 4137 743 4200 damnarentur
765 4134 860 4198 edidit
883 4132 1010 4218 (Oehler
1032 4150 1115 4214 corp.
1139 4129 1257 4196 haeres.

139 4247 155 4310 I
178 4266 208 4328 p.
232 4246 296 4308 233
318 4243 539 4309 Reifferscheid
561 4244 712 4308 Biblioth.
736 4243 771 4306 P.
795 4234 860 4306 Lat.
882 4240 954 4304 Ital.
977 4238 1009 4302 lI
1030 4258 1061 4321 p.
1085 4239 1149 4301 423
1172 4236 1258 4302 Ρ.Ἰι.

165 4384 282 4426 xxxvm
296 4384 371 4426 sune.
1206 4358 1229 4411 b
