2858 4620
640 279 830 334 XXII-XXV.
1252 285 1289 346 ll

178 475 408 555 multarumque
423 473 598 552 mulierum,
608 474 799 556 percolentes
809 474 892 538 idola
900 474 1121 553 Bahalitarum,
1137 476 1292 559 speluncis

179 580 368 645 absconditis
400 581 498 644 isdem
526 581 632 645 offerre
661 580 812 645 sacrificia
838 599 897 644 non
925 581 1113 659 desinebant,
1141 582 1293 664 scriptura

179 686 300 750 dicente
334 686 422 766 quasi
460 686 629 750 multorum
665 689 758 768 atque
789 687 958 751 multarum
992 687 1089 750 fuisse
1116 705 1292 750 numerum:

179 791 236 857 hoc
261 794 364 854 autem
388 828 431 858 *aa
454 795 508 854 ant
531 792 641 856 aBelo
665 810 746 874 rege,
772 793 824 873 qui
848 793 994 857 orientem
1017 792 1136 874 potenti
1163 792 1292 874 regimo·
1316 797 1335 858 2

152 897 228 961 anio
257 897 357 961 multo
385 899 522 978 tempere
551 897 683 960 detinuit
710 916 746 962 ao
773 898 810 961 de
832 898 931 979 ipsius
954 917 1045 962 uxore
1069 900 1101 961 et
1123 897 1195 961 filiis
1218 897 1293 961 filia-

180 1002 279 1066 busue
315 1002 360 1066 ita
396 1022 430 1066 er
466 1003 645 1084 parentibus
684 1004 775 1068 editis
813 1023 934 1069 omnem
971 1023 1076 1068 eorum
1115 1003 1292 1086 progeniem

179 1108 368 1189 processisse
390 1110 592 1186 monstrabat,
617 1128 635 1170 u
674 1128 710 1173 ex
733 1108 777 1178 eis
801 1109 960 1174 Bahalitae
983 1109 1143 1193 pluraliter
1161 1109 1293 1190 appella-

179 1217 292 1278 rentur.
324 1213 404 1278 Nam
432 1218 468 1278 ut
495 1221 543 1279 est
570 1233 667 1298 genus
696 1220 749 1279 aut
773 1215 959 1281 Graecorum
987 1219 1041 1280 aut
1062 1215 1238 1280 Aniciorum
1263 1217 1294 1278 et
1316 1221 1336 1284 3

180 1320 321 1395 aliorum,
357 1319 402 1383 ita
438 1340 472 1384 ex
509 1322 687 1403 parentibus
725 1322 791 1386 suis
832 1323 931 1388 omnis
971 1323 1094 1386 illorum
1136 1320 1294 1384 emerserit

142 1446 164 1486 ro
180 1426 352 1509 progenies,
381 1446 415 1490 er
442 1446 503 1492 uno
531 1430 652 1493 nomine
675 1428 770 1510 impia
793 1429 949 1512 generatio
972 1431 1008 1492 ut
1030 1428 1190 1492 Bahalitae
1213 1426 1294 1491 dice-

179 1535 292 1596 rentur.
329 1532 438 1614 Itaque
473 1535 599 1610 mortui,
633 1553 703 1599 cum
734 1536 766 1598 in
797 1536 1006 1600 monumentis
1037 1536 1231 1617 ponerentur,
1263 1536 1295 1599 et

180 1639 343 1720 progenies
373 1640 498 1703 illorum
529 1640 636 1704 itidem
669 1642 792 1724 sepulta
822 1640 854 1704 in
885 1660 920 1706 eo
952 1641 1020 1705 loco
1048 1641 1106 1705 hoc
1133 1639 1295 1703 nominee

181 1761 236 1806 suc
260 1743 376 1826 populo
400 1745 513 1809 meruit
536 1748 703 1830 aposteris
721 1748 903 1828 nuncupari,
915 1745 918 1812 1
930 1749 967 1811 ut
983 1746 1143 1810 Bahalitae
1162 1745 1295 1828 appella·

178 1852 284 1914 rentur
307 1869 324 1912 a
347 1869 403 1914 sua
426 1852 620 1934 generatione
643 1852 780 1935 pristina.
804 1854 900 1917 Belus
924 1855 1027 1917 autem
1050 1852 1117 1917 siue
1135 1872 1153 1916 a
1170 1851 1292 1936 proprio
1316 1841 1337 1904 4

135 1973 163 2011 1⁵
180 1957 313 2032 nomine,
342 1956 410 2020 siue
439 1976 457 2019 a
482 1956 662 2022 fortitudine
690 1959 773 2036 belli,
802 1959 874 2041 quia
895 1960 1011 2023 multos
1034 1958 1200 2041 superabat
1221 1960 1294 2021 tunc

180 2060 338 2143 temporis,
362 2059 420 2125 hoo
443 2081 553 2126 nomen
573 2066 627 2127 aut
644 2082 812 2147 cognomen
832 2063 942 2129 habere
962 2064 1091 2128 sortitus
1110 2067 1171 2128 eat:
1196 2062 1294 2145 deque

181 2166 237 2229 hac
264 2185 295 2229 rc
319 2165 502 2231 ludaeorum
528 2169 661 2250 populus
689 2170 879 2252 impietatem
909 2169 1072 2255 gentilium
1099 2168 1295 2250 sequendae

182 2271 286 2334 diuina
317 2272 470 2355 scriptura
499 2279 670 2353 accusatur,
708 2276 791 2357 quod
827 2276 1033 2340 sacrificantes
1072 2275 1144 2351 illia,
1180 2274 1212 2338 id
1247 2278 1295 2339 est

181 2378 307 2461 regibus
340 2384 500 2444 eteorum
529 2380 601 2445 filiis
630 2382 771 2463 amarique
799 2381 973 2466 cognationi
999 2381 1123 2446 illorum
1154 2382 1295 2462 sequenti

133 2498 166 2542 ao
182 2483 313 2549 diuersis
337 2486 571 2567 captiuitasstibns
595 2488 803 2552 tradebantur.

702 2678 774 2730 XXV

225 2798 295 2862 Alia
330 2803 379 2862 est
414 2800 529 2864 heresis
565 2800 595 2864 iu
628 2800 760 2879 Iudaeis,
797 2767 873 2884 quae
904 2802 1003 2866 Bahal
1035 2801 1153 2867 idolum
1183 2839 1212 2870 a*
1241 2807 1296 2867 aut

182 2904 308 2968 Balaam
330 2906 610 2989 pseudoprophete,
634 2907 687 2989 qui
710 2907 747 2972 de
764 2908 990 2990 Mesopotamia
1009 2909 1174 2972 aduenerat
1191 2913 1296 2974 contra

182 3010 290 3074 Mosen
321 3010 547 3090 beatissimum,
580 3016 721 3079 asserunt
747 3034 861 3079 nomen
897 3015 1062 3096 accepisse,
1099 3015 1172 3095 quia
1202 3016 1296 3080 Balac

143 3134 167 3174 aa
182 3119 256 3179 tunc
287 3117 435 3199 temporis
466 3136 518 3182 rer
544 3118 752 3184 Moabitarum
783 3121 874 3184 illum
900 3125 1073 3204 rogauerat,
1101 3123 1137 3184 ut
1164 3121 1295 3185 adeum

183 3221 241 3285 iret
273 3225 304 3285 et
335 3222 532 3289 malediceret
559 3225 671 3307 populo
696 3226 889 3291 Iudaeorum.
920 3227 961 3290 Bt
989 3227 1060 3309 quia
1086 3230 1122 3290 ut
1147 3227 1339 3308 prophetat

182 3327 212 3391 in
251 3327 411 3409 scripturis
452 3334 522 3394 ante
564 3331 732 3406 dicebatur,
774 3335 949 3414 contempto
990 3335 1094 3397 autem
1133 3337 1295 3416 praecepto

184 3433 299 3496 domini
322 3433 359 3496 ad
382 3435 667 3518 pseudoprophetae
689 3442 797 3519 postea
820 3438 979 3503 descendit
1004 3438 1161 3503 interitum
1190 3441 1295 3503 contra

269 3717 386 3772 crucio.
405 3719 432 3772 Π
452 3720 482 3773 11
504 3720 572 3774 eleba·
623 3723 658 3776 23
675 3719 753 3774 Num.
772 3722 847 3775 XXII

217 3892 382 3947 2scribtnra
446 3894 584 3950 deauco
600 3896 686 3949 ueluti
703 3900 750 3949 ant
768 3913 784 3949 a
801 3897 886 3952 Bahal
904 3914 966 3968 rege
984 3898 1120 3967 Tyriorum
1181 3897 1295 3954 86ης-

183 3996 271 4032 corum
290 3978 445 4050 Fabriciue]
464 3997 599 4050 grecorum
670 3983 702 4038 17
719 3985 831 4052 populos
905 3988 938 4042 18
955 3985 1085 4039 scribtura
1153 3989 1187 4042 22
1205 3987 1297 4055 aut]a

183 4066 343 4122 Fabricius:
360 4070 459 4123 excidit
477 4073 524 4123 aut
542 4086 558 4123 a
576 4070 657 4124 Balec
674 4088 737 4141 rege
837 4077 871 4130 23
887 4074 1119 4144 pseudoprophete
1137 4074 1293 4144 Fabricius]

183 4156 439 4226 pseudoprophetam
491 4159 677 4226 admonenti
694 4175 774 4230 super
792 4164 988 4230 operuitnt2
1039 4164 1072 4218 27
1090 4163 1227 4216 scribturis
