2880 4620
151 310 155 318 ·
238 296 280 362 84
422 291 598 346 FILASTRII
614 288 841 346 DIVERSARVM
858 289 1047 346 HERESEON
1064 290 1172 346 LIBER

239 487 297 552 stis
337 486 436 570 gratie
476 505 512 549 ex
552 485 746 550 credentibus
786 486 989 562 nuntiaretur,
1030 485 1160 569 ipsoque
1200 485 1233 550 in
1273 485 1354 550 libro

239 593 447 675 conscriptum
471 591 614 656 omnibus
637 592 728 656 uelut
748 591 927 657 testimonio
950 591 1129 660 traderetur.

752 842 839 918 XCII

154 1020 224 1078 CXX
285 1010 364 1076 Sunt
399 1010 523 1092 quidam
558 1009 686 1074 heretici
721 1010 774 1093 qui
810 1028 881 1075 eum
922 1010 1051 1074 audiunt
1089 1011 1216 1076 beatum
1252 1011 1356 1075 Dauid

240 1116 353 1182 dixisse
376 1117 407 1180 in
430 1115 686 1199 quinquagesimo
709 1117 829 1199 psalmo
854 1115 937 1198 quod
958 1116 1000 1180 In
1022 1117 1244 1200 iniquitate
1271 1135 1355 1181 eon·
1386 1135 1402 1175 s

240 1226 379 1305 ceptus
404 1241 496 1299 sum,
520 1225 557 1286 et
579 1222 616 1285 in
638 1225 804 1305 peceato
832 1223 990 1305 peperit
1020 1242 1076 1287 me
1108 1226 1232 1287 mater
1261 1242 1354 1302 mea,

240 1330 404 1394 aestimant
420 1328 465 1392 ita
483 1327 595 1414 dixisse
613 1328 793 1410 prophetam
813 1328 897 1411 quod
913 1328 963 1392 ius
983 1328 1159 1412 nuptiarum
1177 1328 1355 1413 legitimum

238 1435 434 1517 iniquitatem
465 1450 532 1498 esse
565 1433 674 1497 dixerit
706 1436 798 1515 atque
828 1439 1004 1516 peceatum:
1037 1453 1108 1498 eum
1135 1437 1205 1500 ente
1231 1434 1356 1507 (deus)

242 1540 380 1611 dieattin
405 1538 560 1606 Geneseos
583 1539 676 1603 libro:
700 1537 922 1603 Neseimini
945 1543 983 1604 et
1006 1537 1354 1622 multiplicamini,

241 1649 279 1711 et
297 1645 462 1728 implete
481 1648 641 1720 terram3
664 1646 709 1709 et:
731 1644 991 1711 Honorandae
1011 1644 1175 1728 nuptiae
1195 1649 1226 1710 et
1240 1649 1354 1710 uetera
1373 1665 1403 1706 m

198 1754 217 1817 2
240 1752 320 1817 Nam
343 1751 369 1814 si
390 1751 437 1815 ite
458 1750 527 1834 quis
550 1751 691 1829 senserit,
715 1769 787 1834 ergo
811 1753 842 1814 et
863 1750 940 1816 iusti
962 1753 1010 1815 tot
1030 1751 1172 1833 tantique
1193 1751 1225 1816 in
1242 1750 1356 1833 iniqui·

240 1860 304 1922 tate
340 1857 480 1940 eoneepti
516 1860 598 1935 sunt,
634 1876 705 1921 eum
737 1860 768 1920 et
797 1856 828 1919 in
859 1859 967 1921 uentm
998 1856 1183 1922 sanctificati
1214 1858 1286 1935 sint,
1318 1859 1358 1921 ut

240 1963 439 2046 patriarchae,
462 1963 639 2045 prophetae,
661 1961 791 2040 iudices,
814 1962 986 2027 Hieremias
1012 1962 1122 2027 beatus
1149 1966 1181 2027 et
1202 1962 1355 2030 Iohannes

196 2070 217 2133 3
239 2069 376 2150 baptista
397 2066 606 2145 beatissimus,
628 2070 666 2143 ut
687 2068 836 2150 seriptum
860 2068 918 2132 est.
942 2066 1003 2132 Sed
1024 2067 1166 2152 ignorant
1187 2068 1271 2151 quod
1292 2070 1356 2134 aiio

240 2175 332 2240 modo
364 2174 474 2240 dixerit
503 2174 613 2238 beatus
644 2174 793 2256 propheta
820 2172 932 2252 Dauid,
959 2192 1019 2238 non
1048 2173 1084 2238 de
1108 2174 1241 2239 naturali
1264 2193 1356 2258 gene·
1375 2194 1403 2235 rs

239 2280 367 2358 ratione,
400 2281 455 2345 sed
486 2280 523 2344 de
554 2279 797 2363 transgressione
824 2278 909 2344 Adae
940 2279 1037 2362 patris
1068 2281 1167 2346 nostri
1198 2284 1229 2345 et
1258 2280 1356 2359 Euae,

241 2386 295 2469 qui
316 2389 389 2468 post
409 2386 685 2469 transgressionem
695 2384 703 2450 t
712 2385 847 2450 mandati
870 2385 953 2467 pulsi
972 2385 1008 2450 de
1027 2387 1168 2468 paradiso
1187 2389 1358 2470 genuerant

240 2490 331 2569 filios,
363 2494 456 2575 atque
485 2491 565 2564 inde,
597 2491 687 2573 quasi
717 2493 847 2555 matrem
880 2490 1026 2567 omnium,
1059 2491 1131 2571 post
1155 2488 1356 2570 iniquitatem

158 2681 161 2686 Ι
239 2596 493 2681 transgressionis
524 2597 660 2661 mandeti
690 2597 789 2660 Euam
821 2596 867 2661 sio
897 2597 1074 2678 eoneepisse
1103 2599 1195 2677 etque
1218 2613 1287 2658 eam
1308 2593 1357 2657 ita

197 2703 396 2786 dpeperisse
428 2702 576 2766 docuerit.
608 2699 770 2779 Quomodo
801 2701 883 2766 enim
914 2700 951 2765 de
983 2719 1016 2765 se
1048 2700 1170 2765 dieebet
1191 2699 1293 2764 Dauid
1321 2700 1354 2764 in
1373 2722 1404 2763 so

240 2808 404 2889 iniquitate
436 2811 619 2890 eoneeptum
652 2810 684 2871 et
712 2807 744 2870 in
775 2810 903 2891 peceato
935 2806 1086 2889 genitum,
1114 2824 1186 2870 eum
1211 2804 1354 2887 legitimo

240 2912 307 2977 iure
338 2915 429 2977 natus
462 2912 512 2988 sit,
545 2912 724 2994 electusque
752 2931 769 2977 a
797 2912 852 2976 deo
885 2911 924 2976 sd
953 2914 1072 2976 tantam
1104 2911 1191 2995 regni
1222 2909 1354 2993 gloriam

198 3026 217 3086 5
240 3020 405 3100 peteretur,
428 3021 465 3082 ut
487 3017 525 3082 de
548 3036 582 3082 eo
606 3017 757 3101 seriptum
780 3021 848 3082 est?
871 3017 939 3082 Non
963 3036 1035 3102 ergo
1057 3016 1110 3080 hie
1131 3017 1163 3080 in
1189 3014 1354 3097 iniquitate

241 3142 274 3188 se
297 3125 479 3205 eoneeptum
503 3127 558 3187 sut
578 3124 609 3186 in
633 3126 760 3207 peceato
784 3123 924 3207 genitum
946 3121 1105 3200 edocebat,
1128 3121 1183 3187 sod
1208 3122 1353 3203 parentes

239 3230 359 3293 nostros
390 3228 489 3292 Adam
518 3229 616 3293 Euam
652 3226 754 3294 uoluit
789 3229 959 3300 ostendere.
996 3226 1080 3309 quod
1114 3227 1184 3291 ante
1215 3224 1353 3290 admisse
1373 3247 1401 3289 ss

325 3434 459 3492 4Psulm.
477 3434 532 3488 Li
593 3433 694 3491 9Gen.
714 3434 777 3489 128
839 3436 874 3490 10
891 3434 971 3488 Hebr.
988 3433 1087 3488 XII14
1142 3436 1174 3491 13
1191 3431 1255 3488 Gen.
1274 3431 1348 3485 XXV

240 3521 789 3576 sereremlsludiexmsrm
808 3521 1005 3578 17Lue115
1070 3521 1218 3590 231Reg.
1236 3519 1298 3573 XVI
1318 3520 1351 3574 12

240 3610 386 3679 LParelip.
403 3609 442 3662 XI
453 3610 475 3663 ,2

274 3731 392 3791 zuelud
408 3732 436 3785 A
503 3732 684 3786 testimonium
701 3731 728 3785 A
784 3732 928 3790 obesum
946 3746 989 3786 om
1006 3731 1033 3787 B
1092 3729 1295 3799 diniquitatem
1311 3727 1350 3784 A¹

238 3821 366 3878 sum>
384 3819 482 3874 auarus
549 3807 687 3876 edesus
704 3819 855 3874 senardus
916 3822 947 3875 ιι
967 3835 1016 3888 ego
1035 3817 1073 3872 ιι
1150 3817 1293 3886 iniquitate
1311 3817 1349 3870 Ar

240 3910 272 3965 12
289 3912 318 3964 et
334 3909 362 3961 in
380 3907 407 3960 B
424 3908 497 3961 inA
552 3910 582 3965 la
598 3907 721 3962 iohannis
740 3908 775 3960 A·
820 3910 850 3964 id
867 3907 961 3962 beatus
979 3921 1021 3960 om
1039 3906 1066 3960 A
1135 3921 1188 3958 non
1207 3903 1279 3961 deB
1296 3920 1350 3957 non

240 3995 310 4050 unde
328 3997 363 4063 A,
380 3996 412 4049 iss
432 4012 485 4064 quo
506 3997 591 4050 umba
611 3996 676 4050 inde
697 3996 732 4050 ut
754 3994 825 4049 unde
846 4011 930 4064 usque
946 3994 984 4048 ed
1000 3993 1237 4064 trasgressionem
1254 3993 1286 4045 ier
1302 4007 1351 4045 rae

240 4085 272 4141 17
289 4084 499 4153 transgressione
515 4083 553 4137 A¹
624 4087 658 4141 19
675 4100 732 4139 eam
792 4084 827 4139 28
844 4081 986 4153 iniquitate
1004 4081 1069 4134 A¹B
1132 4081 1167 4136 25
1184 4084 1212 4135 et
1229 4095 1306 4134 enam
1323 4078 1350 4131 B

275 4171 396 4225 ammisso
413 4170 441 4223 B
