2866 4614
163 238 205 303 88
345 233 521 289 FILASTRII
537 233 768 289 mvuusauvu
785 233 974 291 Hucusuou
991 236 1098 292 LIBER

120 428 139 490 2
163 430 323 513 antiquum
356 449 427 496 oum
458 431 557 496 multo
588 431 747 496 mendacio
775 430 969 514 praedicatur
996 436 1027 497 et
1053 432 1135 514 quod
1163 433 1284 497 iactum

163 537 194 600 in
222 536 392 614 Thessalia,
424 536 456 600 in
488 537 556 602 loco
587 537 685 613 breui,
712 538 802 602 uelut
827 536 945 603 factum
972 538 1097 621 ubique,
1124 537 1157 602 id
1180 540 1229 604 est
1250 539 1284 603 in

165 642 249 706 omni
271 643 397 721 mundo,
421 661 439 707 a
460 642 589 725 paganis
612 642 770 710 furacibus
794 642 950 708 edocetur.
984 641 1074 722 Quod
1099 643 1135 707 fit
1158 643 1284 725 quidem

164 750 237 830 post
260 766 354 812 annos
377 747 408 812 in
427 747 590 813 Thessalia
610 747 641 812 iu
664 749 733 813 loco
756 747 912 813 interdum
931 748 1063 827 modico,
1082 749 1162 814 illud
1179 752 1283 814 autem

165 852 320 918 diluuium
341 853 373 918 in
396 853 479 918 omni
502 854 626 919 saeculo
644 854 762 919 factum
780 858 838 933 est,
858 855 941 920 sicut
959 858 990 919 et
1008 873 1113 920 eorum
1132 855 1288 940 scriptura
1318 877 1331 916 a

169 961 301 1024 testatur
324 959 497 1044 gentilium.

686 1118 771 1185 XCV

38 1276 149 1333 CXXIII
211 1275 282 1340 Alia
304 1279 353 1341 est
374 1275 491 1340 heresis
515 1294 593 1358 quae
616 1274 693 1340 dicit
716 1276 885 1341 secundum
910 1276 1073 1342 duodecim
1096 1277 1185 1342 nodia
1202 1277 1285 1342 nasei

168 1379 319 1459 homines,
351 1379 445 1446 sicuti
475 1381 688 1449 mathematici
719 1381 767 1447 illi
799 1382 963 1448 uanissimi
989 1382 1150 1465 totiusque
1177 1382 1285 1447 erroris

170 1489 202 1551 et
236 1486 362 1550 sceleris
398 1485 579 1564 adsertores,
615 1487 752 1569 haecque
789 1487 948 1553 audientes
983 1488 1138 1554 interdum
1169 1486 1287 1554 indocti
1306 1505 1331 1546 ιο

170 1611 263 1674 quam
284 1591 411 1673 plurimi
431 1591 502 1677 lege
524 1592 574 1657 dei
597 1591 726 1657 dimissa
747 1589 1037 1659 mathematicorum
1059 1593 1211 1660 inseruire
1229 1613 1288 1659 non

171 1697 315 1761 dubitant
349 1697 551 1775 sanitatibus,
587 1698 668 1763 unde
709 1700 873 1782 conpletur
911 1699 1082 1782 apostolica
1121 1698 1288 1764 sententia:

129 1800 393 1868 tcoluerunt
417 1807 454 1868 et
485 1802 977 1872 seruieruntlllcreaturaa
1008 1803 1146 1887 potius
1179 1821 1289 1886 quam

173 1908 357 1973 creatori.
395 1909 435 1973 ut
464 1909 592 1974 iterum:
628 1908 772 1974 Videte
807 1927 852 1974 ua
888 1910 978 1992 quis
1009 1928 1079 1975 uos
1113 1908 1292 1991 decipiat

173 2033 240 2097 per
274 2013 500 2079 filosofiam
543 2016 580 2079 et
618 2014 772 2080 inanem
812 2015 1033 2093 fallaciam,
1074 2015 1329 2081 secuudumu

174 2119 370 2184 elementa
391 2119 533 2198 mundi,
558 2123 595 2184 et
618 2139 690 2185 non
714 2121 929 2186 seeundum
953 2120 1171 2196 Christum
1205 2140 1291 2204 quo·

175 2224 277 2289 niam
303 2224 341 2289 in
367 2225 454 2308 ipso
483 2224 644 2290 habitat
671 2226 795 2291 omnis
818 2226 1030 2309 plenitudo
1054 2226 1292 2293 diuinitatis

132 2327 451 2413 toorporaliter.
494 2330 574 2415 Ergo
611 2329 755 2415 ignorant
790 2330 873 2414 quod
905 2331 993 2396 zodia
1022 2331 1086 2397 ista
1120 2330 1293 2410 duodecim,

76 2479 79 2485 ·
176 2454 253 2518 qnae
289 2435 326 2499 ab
363 2435 426 2500 illis
463 2435 618 2512 dicuntur,
656 2436 780 2500 diuersa
815 2440 889 2501 sunt
924 2435 1058 2515 elimata,
1090 2436 1294 2520 diuersasque

175 2540 315 2624 regiones
347 2541 376 2605 in
410 2541 482 2605 orbe
513 2544 662 2606 terrarum
691 2561 709 2606 a
736 2542 792 2607 deo
821 2541 1001 2625 dispositae,
1029 2544 1066 2607 ut
1086 2541 1333 2608 inhabitenturao

175 2649 377 2729 locorumque
400 2665 435 2712 ac
465 2650 640 2732 temporum
669 2647 793 2712 diuersa
818 2650 1060 2739 temperamenta
1082 2651 1201 2713 statuta
1223 2648 1295 2713 sint,

176 2757 213 2817 ut
235 2751 379 2828 calidum,
402 2751 560 2837 frigidum,
584 2753 702 2818 siecum
725 2756 757 2818 et
778 2753 941 2818 humidum
965 2771 981 2819 e
1006 2755 1154 2836 quattuor
1175 2753 1296 2837 angulis

134 2856 155 2919 4
179 2859 309 2924 saeculi:
333 2877 350 2923 e
374 2859 487 2941 quibus
511 2877 592 2936 cum,
611 2858 712 2924 ueluti
730 2859 813 2942 pleni
831 2857 982 2941 qualitate
1000 2857 1113 2935 fontes,
1132 2858 1298 2923 exuberant

178 2964 270 3029 flatus
297 2963 449 3046 spirantes
477 2963 643 3029 ininuieem
673 2965 788 3029 uirtute
816 2964 912 3029 nimia
936 2963 1031 3029 insita
1052 2952 1174 3046 proprie
1197 2961 1296 3028 mixti·

179 3087 297 3151 oneque
335 3070 483 3134 existente
519 3069 645 3147 salubri,
681 3088 815 3146 rursum,
857 3088 928 3135 eum
969 3066 1151 3132 diffunditur
1191 3087 1297 3140 eorum
1313 3086 1338 3128 u

179 3175 295 3257 ubique
317 3176 435 3253 mixtio,
459 3194 587 3242 amoena
608 3176 772 3259 temperies
796 3176 906 3241 salutis
930 3175 1001 3240 inde
1020 3174 1141 3240 cunctis
1159 3175 1298 3241 habitan-

179 3280 264 3344 tibus
296 3281 560 3347 subministretur:
597 3285 690 3363 atque
720 3281 765 3346 ita
800 3280 905 3347 diuina
940 3279 1079 3365 potentia
1113 3281 1298 3347 mortalibus

269 3531 302 3586 lt
318 3529 393 3584 Rom.
411 3529 425 3583 1
443 3529 476 3584 25
532 3531 569 3586 14
586 3529 686 3585 Coloss.
705 3530 733 3584 11
751 3529 776 3588 8.
793 3531 809 3586 9

216 3669 377 3726 2ueludA
428 3667 680 3726 dfoitFabrs'oa'ue
731 3669 952 3739 dscripturaaB
1006 3673 1037 3728 11
1055 3670 1151 3740 legiA
1203 3673 1237 3728 12
1255 3681 1300 3725 co·

182 3761 274 3828 ptetur
290 3760 317 3812 A
370 3761 404 3816 lt
420 3757 585 3829 filosopbiam
602 3759 630 3812 B
685 3762 716 3815 18
734 3758 814 3829 godia
830 3760 868 3812 A·
920 3761 957 3816 20
975 3758 1045 3813 orbis
1063 3761 1090 3814 A
1142 3761 1175 3818 21
1194 3763 1301 3830 tempo·

182 3848 303 3900 ramenta
319 3848 346 3901 A
397 3847 432 3904 22
450 3850 478 3900 et
494 3845 677 3919 humidumB
695 3845 832 3900 humidum
849 3847 876 3901 A
947 3845 1057 3916 angulos
1075 3846 1113 3900 A¹
1164 3849 1199 3904 28
1215 3834 1301 3902 renus

183 3936 210 3989 A
270 3935 307 3991 24
323 3933 403 3990 datus
422 3935 567 4003 aspirantes
585 3935 608 3989 A
629 3934 695 3988 flatu
712 3933 874 4004 respirantes
891 3933 919 3987 Β
997 3937 1103 3989 uertute
1120 3935 1148 3988 A
1215 3934 1303 3989 nimia

183 4022 210 4075 B
227 4020 281 4075 mia
297 4025 323 4079 A
411 4022 616 4092 mixtionemque
635 4021 760 4077 existenti
776 4022 804 4076 A
872 4024 906 4078 27
929 4021 1145 4076 subministratur
1161 4022 1198 4076 13¹
1217 4025 1263 4076 rut
1281 4022 1310 4076 b·

184 4125 265 4164 erasa
282 4117 307 4165 et
324 4121 341 4164 u
357 4110 437 4178 facto
