<?xml version="1.0" encoding="UTF-8"?>
<!DOCTYPE html PUBLIC "-//W3C//DTD XHTML 1.0 Transitional//EN"
    "http://www.w3.org/TR/xhtml1/DTD/xhtml1-transitional.dtd">
<html xmlns="http://www.w3.org/1999/xhtml" xml:lang="en" lang="en">
 <head>
  <title>
</title>
<meta http-equiv="Content-Type" content="text/html;charset=utf-8" />
  <meta name='ocr-system' content='tesseract 3.04.00' />
  <meta name='ocr-capabilities' content='ocr_page ocr_carea ocr_par ocr_line ocrx_word'/>
</head>
<body>
  <div class='ocr_page' id='page_1' title='image "./sanctifilastrii00marxgoog_0016.png"; bbox 0 0 2858 4620; ppageno 0'>
   <div class='ocr_carea' id='block_1_1' title="bbox 505 296 1208 366">
    <p class='ocr_par' dir='ltr' id='par_1_1' title="bbox 505 296 1208 366">
     <span class='ocr_line' id='line_1_1' title="bbox 505 296 1208 366; baseline 0.001 -16"><span class='ocrx_word' id='word_1_1' title='bbox 505 296 792 366; x_wconf 81' lang='lat' dir='ltr'><em>Prolegcmena.</em></span> <span class='ocrx_word' id='word_1_2' title='bbox 1180 301 1208 365; x_wconf 83' lang='lat' dir='ltr'>V</span> 
     </span>
    </p>
   </div>
   <div class='ocr_carea' id='block_1_2' title="bbox 80 489 1224 3957">
    <p class='ocr_par' dir='ltr' id='par_1_2' title="bbox 80 489 1224 3957">
     <span class='ocr_line' id='line_1_2' title="bbox 91 489 1208 572; baseline 0.003 -18"><span class='ocrx_word' id='word_1_3' title='bbox 91 489 281 554; x_wconf 88' lang='lat' dir='ltr'><em>ordinatione</em></span> <span class='ocrx_word' id='word_1_4' title='bbox 305 508 362 553; x_wconf 86' lang='lat' dir='ltr'><em>sna</em></span> <span class='ocrx_word' id='word_1_5' title='bbox 384 508 475 572; x_wconf 91' lang='lat' dir='ltr'><em>quem</em></span> <span class='ocrx_word' id='word_1_6' title='bbox 498 493 569 554; x_wconf 89' lang='lat' dir='ltr'><em>ante</em></span> <span class='ocrx_word' id='word_1_7' title='bbox 593 510 704 554; x_wconf 90' lang='lat' dir='ltr'><em>annum</em></span> <span class='ocrx_word' id='word_1_8' title='bbox 728 490 1021 556; x_wconf 84' lang='grc'>3971313113133</span> <span class='ocrx_word' id='word_1_9' title='bbox 1045 491 1208 558; x_wconf 90' lang='lat' dir='ltr'><em>Ambrosio</em></span> 
     </span>
     <span class='ocr_line' id='line_1_3' title="bbox 90 593 1210 680; baseline 0.003 -21"><span class='ocrx_word' id='word_1_10' title='bbox 90 593 125 680; x_wconf 87' lang='lat' dir='ltr'><em>(l.</em></span> <span class='ocrx_word' id='word_1_11' title='bbox 149 614 174 659; x_wconf 85' lang='grc'><em>3.</em></span> <span class='ocrx_word' id='word_1_12' title='bbox 197 615 229 678; x_wconf 92' lang='lat' dir='ltr'><em>p.</em></span> <span class='ocrx_word' id='word_1_13' title='bbox 251 596 313 659; x_wconf 86' lang='lat'><em>334</em></span> <span class='ocrx_word' id='word_1_14' title='bbox 338 593 367 660; x_wconf 80' lang='lat' dir='ltr'><strong>G</strong></span> <span class='ocrx_word' id='word_1_15' title='bbox 389 615 419 676; x_wconf 90' lang='lat' dir='ltr'><em>p.</em></span> <span class='ocrx_word' id='word_1_16' title='bbox 445 596 506 660; x_wconf 86' lang='lat'><em>957</em></span> <span class='ocrx_word' id='word_1_17' title='bbox 526 596 573 676; x_wconf 91' lang='grc' dir='ltr'><em>Μ)</em></span> <span class='ocrx_word' id='word_1_18' title='bbox 595 594 702 660; x_wconf 86' lang='grc'>133131</span> <span class='ocrx_word' id='word_1_19' title='bbox 723 595 810 658; x_wconf 80' lang='lat' dir='ltr'><em>ittam</em></span> <span class='ocrx_word' id='word_1_20' title='bbox 831 597 1027 660; x_wconf 86' lang='lat' dir='ltr'><em>uenerandae</em></span> <span class='ocrx_word' id='word_1_21' title='bbox 1047 599 1210 662; x_wconf 73' lang='lat' dir='ltr'><em>memoriae</em></span> 
     </span>
     <span class='ocr_line' id='line_1_4' title="bbox 83 699 1210 785; baseline 0.003 -22"><span class='ocrx_word' id='word_1_22' title='bbox 83 701 190 782; x_wconf 81' lang='lat' dir='ltr'><em>patris</em></span> <span class='ocrx_word' id='word_1_23' title='bbox 219 700 280 763; x_wconf 90' lang='lat' dir='ltr'><em>mei</em></span> <span class='ocrx_word' id='word_1_24' title='bbox 306 699 453 783; x_wconf 85' lang='lat' dir='ltr'><em>Fitastrii</em></span> <span class='ocrx_word' id='word_1_25' title='bbox 483 699 724 763; x_wconf 84' lang='lat' dir='ltr'><em>eruditissimam</em></span> <span class='ocrx_word' id='word_1_26' title='bbox 755 720 857 764; x_wconf 87' lang='lat' dir='ltr'><em>nocem</em></span> <span class='ocrx_word' id='word_1_27' title='bbox 889 722 966 785; x_wconf 84' lang='lat' dir='ltr'><em>quae</em></span> <span class='ocrx_word' id='word_1_28' title='bbox 988 722 1049 783; x_wconf 80' lang='lat' dir='ltr'><em>per</em></span> <span class='ocrx_word' id='word_1_29' title='bbox 1075 703 1210 784; x_wconf 72' lang='lat' dir='ltr'><em>qratiam</em></span> 
     </span>
     <span class='ocr_line' id='line_1_5' title="bbox 89 803 1211 887; baseline 0.004 -20"><span class='ocrx_word' id='word_1_30' title='bbox 89 805 220 886; x_wconf 88' lang='lat' dir='ltr'><em>spiritus</em></span> <span class='ocrx_word' id='word_1_31' title='bbox 245 806 345 868; x_wconf 89' lang='lat' dir='ltr'><em>sancti</em></span> <span class='ocrx_word' id='word_1_32' title='bbox 371 804 453 886; x_wconf 76' lang='lat' dir='ltr'><em>torpe</em></span> <span class='ocrx_word' id='word_1_33' title='bbox 479 803 606 884; x_wconf 76' lang='lat' dir='ltr'><em>effluens</em></span> <span class='ocrx_word' id='word_1_34' title='bbox 632 805 711 868; x_wconf 84' lang='lat' dir='ltr'><em>hanc</em></span> <span class='ocrx_word' id='word_1_35' title='bbox 737 804 891 874; x_wconf 78' lang='lat' dir='ltr'><em>ecetesiam</em></span> <span class='ocrx_word' id='word_1_36' title='bbox 916 807 951 869; x_wconf 91' lang='lat' dir='ltr'><em>in</em></span> <span class='ocrx_word' id='word_1_37' title='bbox 977 806 1038 887; x_wconf 75' lang='lat' dir='ltr'><em>fide</em></span> <span class='ocrx_word' id='word_1_38' title='bbox 1059 808 1211 872; x_wconf 75' lang='lat' dir='ltr'><em>trinitatis</em></span> 
     </span>
     <span class='ocr_line' id='line_1_6' title="bbox 91 910 1209 993; baseline 0.001 -19"><span class='ocrx_word' id='word_1_39' title='bbox 91 912 272 975; x_wconf 78' lang='lat' dir='ltr'><em>adorandae</em></span> <span class='ocrx_word' id='word_1_40' title='bbox 285 910 449 993; x_wconf 83' lang='lat' dir='ltr'><em>fundauit,</em></span> <span class='ocrx_word' id='word_1_41' title='bbox 468 912 503 974; x_wconf 91' lang='lat' dir='ltr'><em>in</em></span> <span class='ocrx_word' id='word_1_42' title='bbox 523 931 600 974; x_wconf 89' lang='lat' dir='ltr'><em>uera</em></span> <span class='ocrx_word' id='word_1_43' title='bbox 617 930 670 990; x_wconf 80' lang='lat' dir='ltr'><em>spe</em></span> <span class='ocrx_word' id='word_1_44' title='bbox 692 913 720 973; x_wconf 92' lang='lat' dir='ltr'><em>et</em></span> <span class='ocrx_word' id='word_1_45' title='bbox 742 911 870 975; x_wconf 89' lang='lat' dir='ltr'><em>caritate</em></span> <span class='ocrx_word' id='word_1_46' title='bbox 888 911 1025 992; x_wconf 79' lang='lat' dir='ltr'><em>perfecta</em></span> <span class='ocrx_word' id='word_1_47' title='bbox 1046 913 1209 992; x_wconf 85' lang='lat' dir='ltr'><em>constituit,</em></span> 
     </span>
     <span class='ocr_line' id='line_1_7' title="bbox 91 1016 1211 1103; baseline 0.003 -24"><span class='ocrx_word' id='word_1_48' title='bbox 91 1016 134 1079; x_wconf 87' lang='lat' dir='ltr'><em>od</em></span> <span class='ocrx_word' id='word_1_49' title='bbox 150 1017 282 1081; x_wconf 86' lang='lat' dir='ltr'><em>uirtutes</em></span> <span class='ocrx_word' id='word_1_50' title='bbox 299 1017 402 1097; x_wconf 84' lang='lat' dir='ltr'><em>erenit,</em></span> <span class='ocrx_word' id='word_1_51' title='bbox 420 1017 455 1080; x_wconf 87' lang='lat' dir='ltr'><em>in</em></span> <span class='ocrx_word' id='word_1_52' title='bbox 465 1036 545 1097; x_wconf 78' lang='lat' dir='ltr'><em>pace</em></span> <span class='ocrx_word' id='word_1_53' title='bbox 561 1016 701 1100; x_wconf 85' lang='lat' dir='ltr'><em>reliquit:</em></span> <span class='ocrx_word' id='word_1_54' title='bbox 722 1035 801 1098; x_wconf 87' lang='lat' dir='ltr'><em>quae</em></span> <span class='ocrx_word' id='word_1_55' title='bbox 818 1017 944 1101; x_wconf 90' lang='lat' dir='ltr'><em>pietatis</em></span> <span class='ocrx_word' id='word_1_56' title='bbox 964 1018 1106 1103; x_wconf 81' lang='lat' dir='ltr'><em>egregiae</em></span> <span class='ocrx_word' id='word_1_57' title='bbox 1123 1019 1211 1084; x_wconf 90' lang='lat' dir='ltr'><em>testi·</em></span> 
     </span>
     <span class='ocr_line' id='line_1_8' title="bbox 91 1121 1211 1208; baseline 0.004 -23"><span class='ocrx_word' id='word_1_58' title='bbox 91 1121 196 1187; x_wconf 85' lang='lat' dir='ltr'><em>monia</em></span> <span class='ocrx_word' id='word_1_59' title='bbox 224 1141 292 1186; x_wconf 90' lang='lat' dir='ltr'><em>esse</em></span> <span class='ocrx_word' id='word_1_60' title='bbox 320 1124 447 1205; x_wconf 88' lang='lat' dir='ltr'><em>apparet</em></span> <span class='ocrx_word' id='word_1_61' title='bbox 474 1124 506 1186; x_wconf 93' lang='lat' dir='ltr'><em>et</em></span> <span class='ocrx_word' id='word_1_62' title='bbox 531 1141 605 1186; x_wconf 90' lang='lat' dir='ltr'><em>uera</em></span> <span class='ocrx_word' id='word_1_63' title='bbox 632 1126 664 1186; x_wconf 90' lang='lat' dir='ltr'><em>et</em></span> <span class='ocrx_word' id='word_1_64' title='bbox 690 1122 862 1208; x_wconf 85' lang='lat' dir='ltr'><em>genuina.¹)</em></span> <span class='ocrx_word' id='word_1_65' title='bbox 892 1124 995 1204; x_wconf 82' lang='lat' dir='ltr'><em>Atque</em></span> <span class='ocrx_word' id='word_1_66' title='bbox 1017 1123 1049 1188; x_wconf 88' lang='lat' dir='ltr'><em>in</em></span> <span class='ocrx_word' id='word_1_67' title='bbox 1072 1143 1211 1190; x_wconf 87' lang='lat' dir='ltr'><em>sermone</em></span> 
     </span>
     <span class='ocr_line' id='line_1_9' title="bbox 85 1217 1208 1313; baseline 0.001 -20"><span class='ocrx_word' id='word_1_68' title='bbox 85 1229 129 1293; x_wconf 87' lang='lat' dir='ltr'><em>de</em></span> <span class='ocrx_word' id='word_1_69' title='bbox 160 1228 358 1300; x_wconf 87' lang='lat' dir='ltr'><em>Macbabaeis</em></span> <span class='ocrx_word' id='word_1_70' title='bbox 397 1247 469 1293; x_wconf 92' lang='lat' dir='ltr'><em>cum</em></span> <span class='ocrx_word' id='word_1_71' title='bbox 501 1229 618 1294; x_wconf 86' lang='lat' dir='ltr'><em>scribat</em></span> <span class='ocrx_word' id='word_1_72' title='bbox 650 1225 692 1311; x_wconf 87' lang='lat' dir='ltr'><em>(p.</em></span> <span class='ocrx_word' id='word_1_73' title='bbox 719 1231 794 1294; x_wconf 83' lang='grc'>326.</span> <span class='ocrx_word' id='word_1_74' title='bbox 823 1230 897 1294; x_wconf 83' lang='grc'>327.</span> <span class='ocrx_word' id='word_1_75' title='bbox 927 1217 990 1293; x_wconf 85' lang='grc'><em>330</em></span> <span class='ocrx_word' id='word_1_76' title='bbox 1023 1227 1051 1294; x_wconf 80' lang='lat' dir='ltr'><strong>G</strong></span> <span class='ocrx_word' id='word_1_77' title='bbox 1077 1250 1106 1313; x_wconf 92' lang='lat' dir='ltr'><em>p.</em></span> <span class='ocrx_word' id='word_1_78' title='bbox 1136 1231 1208 1295; x_wconf 82' lang='grc'>949.</span> 
     </span>
     <span class='ocr_line' id='line_1_10' title="bbox 93 1333 1211 1418; baseline 0.001 -20"><span class='ocrx_word' id='word_1_79' title='bbox 93 1335 156 1398; x_wconf 86' lang='grc'><em>952</em></span> <span class='ocrx_word' id='word_1_80' title='bbox 178 1333 239 1415; x_wconf 65' lang='lat' dir='ltr'><em>Mt:</em></span> <span class='ocrx_word' id='word_1_81' title='bbox 263 1334 373 1418; x_wconf 85' lang='lat' dir='ltr'><em>quique</em></span> <span class='ocrx_word' id='word_1_82' title='bbox 395 1339 621 1416; x_wconf 74' lang='lat' dir='ltr'><em>copnommtum</em></span> <span class='ocrx_word' id='word_1_83' title='bbox 641 1334 902 1399; x_wconf 82' lang='lat' dir='ltr'><em>Mocbabacorum</em></span> <span class='ocrx_word' id='word_1_84' title='bbox 925 1334 1084 1399; x_wconf 82' lang='lat' dir='ltr'><em>trabebant</em></span> <span class='ocrx_word' id='word_1_85' title='bbox 1106 1356 1143 1399; x_wconf 89' lang='lat' dir='ltr'><em>en</em></span> <span class='ocrx_word' id='word_1_86' title='bbox 1161 1356 1211 1418; x_wconf 73' lang='lat' dir='ltr'><em>qe·</em></span> 
     </span>
     <span class='ocr_line' id='line_1_11' title="bbox 91 1433 1210 1524; baseline 0.001 -21"><span class='ocrx_word' id='word_1_87' title='bbox 91 1459 163 1504; x_wconf 88' lang='lat' dir='ltr'><em>nere</em></span> <span class='ocrx_word' id='word_1_88' title='bbox 189 1440 268 1503; x_wconf 88' lang='lat' dir='ltr'><em>sicut</em></span> <span class='ocrx_word' id='word_1_89' title='bbox 293 1439 382 1503; x_wconf 80' lang='lat' dir='ltr'><em>bodie</em></span> <span class='ocrx_word' id='word_1_90' title='bbox 404 1433 587 1503; x_wconf 78' lang='lat' dir='ltr'><em>Aniciorum</em></span> <span class='ocrx_word' id='word_1_91' title='bbox 606 1440 771 1522; x_wconf 75' lang='lat' dir='ltr'><em>proqcnies</em></span> <span class='ocrx_word' id='word_1_92' title='bbox 796 1439 847 1503; x_wconf 85' lang='lat' dir='ltr'><em>net</em></span> <span class='ocrx_word' id='word_1_93' title='bbox 871 1441 900 1504; x_wconf 88' lang='lat' dir='ltr'><em>si</em></span> <span class='ocrx_word' id='word_1_94' title='bbox 926 1461 987 1524; x_wconf 88' lang='lat' dir='ltr'><em>qua</em></span> <span class='ocrx_word' id='word_1_95' title='bbox 1013 1445 1087 1505; x_wconf 90' lang='lat' dir='ltr'><em>sunt</em></span> <span class='ocrx_word' id='word_1_96' title='bbox 1107 1439 1210 1504; x_wconf 80' lang='lat' dir='ltr'><em>tinius·</em></span> 
     </span>
     <span class='ocr_line' id='line_1_12' title="bbox 90 1545 1211 1627; baseline -0.001 -16"><span class='ocrx_word' id='word_1_97' title='bbox 90 1547 175 1611; x_wconf 91' lang='lat' dir='ltr'><em>modi</em></span> <span class='ocrx_word' id='word_1_98' title='bbox 196 1547 456 1627; x_wconf 81' lang='lat' dir='ltr'><em>nuncupationum</em></span> <span class='ocrx_word' id='word_1_99' title='bbox 477 1545 635 1626; x_wconf 80' lang='lat' dir='ltr'><em>uocabulo,</em></span> <span class='ocrx_word' id='word_1_100' title='bbox 653 1565 772 1611; x_wconf 90' lang='lat' dir='ltr'><em>memor</em></span> <span class='ocrx_word' id='word_1_101' title='bbox 793 1565 865 1611; x_wconf 86' lang='lat' dir='ltr'><em>sane</em></span> <span class='ocrx_word' id='word_1_102' title='bbox 887 1548 998 1611; x_wconf 89' lang='lat' dir='ltr'><em>horum</em></span> <span class='ocrx_word' id='word_1_103' title='bbox 1019 1547 1082 1612; x_wconf 88' lang='lat' dir='ltr'><em>fuit</em></span> <span class='ocrx_word' id='word_1_104' title='bbox 1102 1549 1211 1612; x_wconf 88' lang='lat' dir='ltr'><em>uerbo·</em></span> 
     </span>
     <span class='ocr_line' id='line_1_13' title="bbox 90 1650 1210 1735; baseline -0.003 -18"><span class='ocrx_word' id='word_1_105' title='bbox 90 1673 160 1718; x_wconf 90' lang='lat' dir='ltr'><em>rum</em></span> <span class='ocrx_word' id='word_1_106' title='bbox 187 1652 324 1717; x_wconf 82' lang='lat' dir='ltr'><em>Filastrii</em></span> <span class='ocrx_word' id='word_1_107' title='bbox 353 1671 418 1735; x_wconf 87' lang='lat' dir='ltr'><em>cap.</em></span> <span class='ocrx_word' id='word_1_108' title='bbox 442 1653 496 1729; x_wconf 80' lang='lat'><em>24,</em></span> <span class='ocrx_word' id='word_1_109' title='bbox 519 1654 553 1716; x_wconf 90' lang='lat'><em>3:</em></span> <span class='ocrx_word' id='word_1_110' title='bbox 590 1650 675 1715; x_wconf 91' lang='lat' dir='ltr'><em>Nam</em></span> <span class='ocrx_word' id='word_1_111' title='bbox 702 1655 917 1733; x_wconf 80' lang='grc'>3133133333</span> <span class='ocrx_word' id='word_1_112' title='bbox 944 1658 999 1717; x_wconf 95' lang='lat' dir='ltr'><em>ant</em></span> <span class='ocrx_word' id='word_1_113' title='bbox 1024 1650 1210 1717; x_wconf 61' lang='lat' dir='ltr'><em>&amp;neaeman</em></span> 
     </span>
     <span class='ocr_line' id='line_1_14' title="bbox 92 1756 1210 1838; baseline -0.001 -16"><span class='ocrx_word' id='word_1_114' title='bbox 92 1763 146 1822; x_wconf 93' lang='lat' dir='ltr'><em>aut</em></span> <span class='ocrx_word' id='word_1_115' title='bbox 172 1757 355 1822; x_wconf 72' lang='lat' dir='ltr'><em>Anicianam</em></span> <span class='ocrx_word' id='word_1_116' title='bbox 382 1762 410 1821; x_wconf 92' lang='lat' dir='ltr'><em>et</em></span> <span class='ocrx_word' id='word_1_117' title='bbox 436 1756 576 1833; x_wconf 84' lang='lat' dir='ltr'><em>otiorum,</em></span> <span class='ocrx_word' id='word_1_118' title='bbox 603 1758 650 1820; x_wconf 89' lang='lat' dir='ltr'><em>ita</em></span> <span class='ocrx_word' id='word_1_119' title='bbox 676 1777 714 1822; x_wconf 86' lang='lat' dir='ltr'><em>en</em></span> <span class='ocrx_word' id='word_1_120' title='bbox 732 1757 917 1838; x_wconf 77' lang='lat' dir='ltr'><em>parentibus</em></span> <span class='ocrx_word' id='word_1_121' title='bbox 938 1759 1005 1822; x_wconf 90' lang='lat' dir='ltr'><em>suis</em></span> <span class='ocrx_word' id='word_1_122' title='bbox 1027 1757 1126 1822; x_wconf 90' lang='lat' dir='ltr'><em>omnis</em></span> <span class='ocrx_word' id='word_1_123' title='bbox 1147 1757 1210 1821; x_wconf 81' lang='lat' dir='ltr'><em>tra-</em></span> 
     </span>
     <span class='ocr_line' id='line_1_15' title="bbox 90 1864 1211 1946; baseline -0.003 -19"><span class='ocrx_word' id='word_1_124' title='bbox 90 1885 161 1930; x_wconf 88' lang='lat' dir='ltr'><em>rmn</em></span> <span class='ocrx_word' id='word_1_125' title='bbox 192 1864 346 1928; x_wconf 85' lang='lat' dir='ltr'><em>emerserit</em></span> <span class='ocrx_word' id='word_1_126' title='bbox 370 1864 542 1946; x_wconf 70' lang='lat' dir='ltr'><em>pompantes,</em></span> <span class='ocrx_word' id='word_1_127' title='bbox 570 1884 607 1927; x_wconf 86' lang='lat' dir='ltr'><em>en</em></span> <span class='ocrx_word' id='word_1_128' title='bbox 637 1883 698 1928; x_wconf 94' lang='lat' dir='ltr'><em>uno</em></span> <span class='ocrx_word' id='word_1_129' title='bbox 724 1865 845 1928; x_wconf 91' lang='lat' dir='ltr'><em>nomine</em></span> <span class='ocrx_word' id='word_1_130' title='bbox 873 1864 970 1945; x_wconf 81' lang='lat' dir='ltr'><em>impia</em></span> <span class='ocrx_word' id='word_1_131' title='bbox 996 1864 1151 1945; x_wconf 75' lang='lat' dir='ltr'><em>pancratio</em></span> <span class='ocrx_word' id='word_1_132' title='bbox 1176 1866 1211 1926; x_wconf 95' lang='lat' dir='ltr'><em>ut</em></span> 
     </span>
     <span class='ocr_line' id='line_1_16' title="bbox 90 1968 1210 2052; baseline -0.001 -18"><span class='ocrx_word' id='word_1_133' title='bbox 90 1968 258 2034; x_wconf 79' lang='lat' dir='ltr'><em>Bubalitae</em></span> <span class='ocrx_word' id='word_1_134' title='bbox 280 1969 467 2033; x_wconf 79' lang='lat' dir='ltr'><em>dicerentur:</em></span> <span class='ocrx_word' id='word_1_135' title='bbox 489 1968 660 2033; x_wconf 81' lang='lat' dir='ltr'><em>doctrinam</em></span> <span class='ocrx_word' id='word_1_136' title='bbox 685 1989 806 2052; x_wconf 90' lang='lat' dir='ltr'><em>quoque</em></span> <span class='ocrx_word' id='word_1_137' title='bbox 828 1969 969 2034; x_wconf 81' lang='lat' dir='ltr'><em>Filastrii</em></span> <span class='ocrx_word' id='word_1_138' title='bbox 992 1969 1101 2034; x_wconf 90' lang='lat' dir='ltr'><em>multis</em></span> <span class='ocrx_word' id='word_1_139' title='bbox 1124 1987 1210 2034; x_wconf 91' lang='lat' dir='ltr'><em>secu·</em></span> 
     </span>
     <span class='ocr_line' id='line_1_17' title="bbox 92 2073 1210 2160; baseline -0.003 -20"><span class='ocrx_word' id='word_1_140' title='bbox 92 2081 144 2140; x_wconf 88' lang='lat' dir='ltr'><em>tus</em></span> <span class='ocrx_word' id='word_1_141' title='bbox 167 2079 216 2140; x_wconf 89' lang='lat' dir='ltr'><em>est</em></span> <span class='ocrx_word' id='word_1_142' title='bbox 236 2075 316 2140; x_wconf 91' lang='lat' dir='ltr'><em>locis</em></span> <span class='ocrx_word' id='word_1_143' title='bbox 346 2073 435 2160; x_wconf 87' lang='grc'>(3331</span> <span class='ocrx_word' id='word_1_144' title='bbox 455 2073 624 2139; x_wconf 83' lang='lat' dir='ltr'><em>Galeardus</em></span> <span class='ocrx_word' id='word_1_145' title='bbox 647 2076 668 2140; x_wconf 93' lang='lat' dir='ltr'><em>l.</em></span> <span class='ocrx_word' id='word_1_146' title='bbox 694 2095 719 2140; x_wconf 91' lang='lat' dir='ltr'><em>s.</em></span> <span class='ocrx_word' id='word_1_147' title='bbox 742 2096 773 2158; x_wconf 90' lang='lat' dir='ltr'><em>p.</em></span> <span class='ocrx_word' id='word_1_148' title='bbox 797 2074 883 2159; x_wconf 87' lang='lat' dir='ltr'><strong>XVI)</strong></span> <span class='ocrx_word' id='word_1_149' title='bbox 907 2076 1007 2140; x_wconf 91' lang='lat' dir='ltr'><em>ueluti</em></span> <span class='ocrx_word' id='word_1_150' title='bbox 1030 2075 1068 2139; x_wconf 91' lang='lat' dir='ltr'><em>de</em></span> <span class='ocrx_word' id='word_1_151' title='bbox 1091 2075 1210 2141; x_wconf 88' lang='lat' dir='ltr'><em>saeculi</em></span> 
     </span>
     <span class='ocr_line' id='line_1_18' title="bbox 92 2179 1211 2262; baseline -0.002 -16"><span class='ocrx_word' id='word_1_152' title='bbox 92 2181 356 2246; x_wconf 81' lang='lat' dir='ltr'><em>consummatione</em></span> <span class='ocrx_word' id='word_1_153' title='bbox 384 2181 499 2245; x_wconf 89' lang='lat' dir='ltr'><em>similia</em></span> <span class='ocrx_word' id='word_1_154' title='bbox 525 2181 616 2245; x_wconf 90' lang='lat' dir='ltr'><em>decet</em></span> <span class='ocrx_word' id='word_1_155' title='bbox 636 2200 667 2262; x_wconf 89' lang='lat' dir='ltr'><em>p.</em></span> <span class='ocrx_word' id='word_1_156' title='bbox 692 2183 765 2246; x_wconf 84' lang='grc'>297.</span> <span class='ocrx_word' id='word_1_157' title='bbox 791 2183 852 2246; x_wconf 84' lang='grc'><em>299</em></span> <span class='ocrx_word' id='word_1_158' title='bbox 878 2179 905 2246; x_wconf 82' lang='lat' dir='ltr'><strong>G</strong></span> <span class='ocrx_word' id='word_1_159' title='bbox 935 2201 966 2262; x_wconf 90' lang='lat' dir='ltr'><em>p.</em></span> <span class='ocrx_word' id='word_1_160' title='bbox 990 2182 1062 2247; x_wconf 86' lang='grc'>916.</span> <span class='ocrx_word' id='word_1_161' title='bbox 1087 2182 1149 2245; x_wconf 90' lang='grc'><em>918</em></span> <span class='ocrx_word' id='word_1_162' title='bbox 1176 2180 1211 2244; x_wconf 88' lang='grc' dir='ltr'><strong><em>Μ</em></strong></span> 
     </span>
     <span class='ocr_line' id='line_1_19' title="bbox 92 2285 1210 2371; baseline 0 -20"><span class='ocrx_word' id='word_1_163' title='bbox 92 2290 186 2371; x_wconf 87' lang='grc'>31333</span> <span class='ocrx_word' id='word_1_164' title='bbox 208 2285 373 2350; x_wconf 82' lang='lat' dir='ltr'><em>Filastrius</em></span> <span class='ocrx_word' id='word_1_165' title='bbox 397 2305 463 2368; x_wconf 90' lang='lat' dir='ltr'><em>cap.</em></span> <span class='ocrx_word' id='word_1_166' title='bbox 485 2288 557 2364; x_wconf 83' lang='lat'>107,</span> <span class='ocrx_word' id='word_1_167' title='bbox 580 2286 677 2351; x_wconf 90' lang='lat' dir='ltr'><em>uerba</em></span> <span class='ocrx_word' id='word_1_168' title='bbox 697 2289 802 2351; x_wconf 92' lang='lat' dir='ltr'><em>tamen</em></span> <span class='ocrx_word' id='word_1_169' title='bbox 824 2286 893 2369; x_wconf 88' lang='lat' dir='ltr'><em>ipsa</em></span> <span class='ocrx_word' id='word_1_170' title='bbox 910 2286 1049 2351; x_wconf 75' lang='lat' dir='ltr'><em>Filastn&#39;i</em></span> <span class='ocrx_word' id='word_1_171' title='bbox 1072 2289 1126 2350; x_wconf 87' lang='lat' dir='ltr'><em>aut</em></span> <span class='ocrx_word' id='word_1_172' title='bbox 1144 2306 1210 2351; x_wconf 92' lang='lat' dir='ltr'><em>sen·</em></span> 
     </span>
     <span class='ocr_line' id='line_1_20' title="bbox 90 2390 1212 2475; baseline 0 -18"><span class='ocrx_word' id='word_1_173' title='bbox 90 2392 205 2458; x_wconf 80' lang='lat' dir='ltr'><em>tentiae</em></span> <span class='ocrx_word' id='word_1_174' title='bbox 228 2390 298 2456; x_wconf 86' lang='lat' dir='ltr'><em>eius</em></span> <span class='ocrx_word' id='word_1_175' title='bbox 319 2411 472 2475; x_wconf 88' lang='lat' dir='ltr'><em>nusquam</em></span> <span class='ocrx_word' id='word_1_176' title='bbox 494 2391 618 2457; x_wconf 88' lang='lat' dir='ltr'><em>uidetur</em></span> <span class='ocrx_word' id='word_1_177' title='bbox 640 2390 1106 2475; x_wconf 75' lang='grc'>31331333113313131331331</span> <span class='ocrx_word' id='word_1_178' title='bbox 1129 2392 1212 2474; x_wconf 86' lang='lat' dir='ltr'><em>apud</em></span> 
     </span>
     <span class='ocr_line' id='line_1_21' title="bbox 90 2497 1210 2580; baseline -0.001 -18"><span class='ocrx_word' id='word_1_179' title='bbox 90 2498 265 2563; x_wconf 85' lang='lat' dir='ltr'><em>Bririenses</em></span> <span class='ocrx_word' id='word_1_180' title='bbox 289 2499 464 2580; x_wconf 90' lang='lat' dir='ltr'><em>sepulcrum</em></span> <span class='ocrx_word' id='word_1_181' title='bbox 486 2498 626 2563; x_wconf 82' lang='lat' dir='ltr'><em>Filastrii</em></span> <span class='ocrx_word' id='word_1_182' title='bbox 648 2498 688 2562; x_wconf 92' lang='grc'><em>31</em></span> <span class='ocrx_word' id='word_1_183' title='bbox 706 2498 855 2563; x_wconf 84' lang='lat' dir='ltr'><em>Sanctum</em></span> <span class='ocrx_word' id='word_1_184' title='bbox 873 2498 1025 2562; x_wconf 89' lang='lat' dir='ltr'><em>Andream</em></span> <span class='ocrx_word' id='word_1_185' title='bbox 1049 2516 1149 2580; x_wconf 89' lang='lat' dir='ltr'><em>usque</em></span> <span class='ocrx_word' id='word_1_186' title='bbox 1171 2497 1210 2561; x_wconf 89' lang='grc'><em>31</em></span> 
     </span>
     <span class='ocr_line' id='line_1_22' title="bbox 90 2599 1224 2688; baseline -0.002 -20"><span class='ocrx_word' id='word_1_187' title='bbox 90 2603 208 2668; x_wconf 88' lang='grc'>3333311</span> <span class='ocrx_word' id='word_1_188' title='bbox 234 2602 280 2666; x_wconf 87' lang='lat' dir='ltr'><em>IX</em></span> <span class='ocrx_word' id='word_1_189' title='bbox 310 2603 435 2672; x_wconf 89' lang='lat' dir='ltr'><em>initium</em></span> <span class='ocrx_word' id='word_1_190' title='bbox 466 2604 622 2688; x_wconf 79' lang='lat' dir='ltr'><em>ediditque</em></span> <span class='ocrx_word' id='word_1_191' title='bbox 656 2603 827 2670; x_wconf 80' lang='lat' dir='ltr'><em>Galeardns</em></span> <span class='ocrx_word' id='word_1_192' title='bbox 859 2603 880 2667; x_wconf 91' lang='grc'><em>1.</em></span> <span class='ocrx_word' id='word_1_193' title='bbox 909 2622 935 2670; x_wconf 87' lang='grc'><em>3.</em></span> <span class='ocrx_word' id='word_1_194' title='bbox 963 2623 994 2685; x_wconf 91' lang='lat' dir='ltr'><em>p.</em></span> <span class='ocrx_word' id='word_1_195' title='bbox 1018 2604 1080 2669; x_wconf 89' lang='lat'><em>388</em></span> <span class='ocrx_word' id='word_1_196' title='bbox 1109 2622 1125 2669; x_wconf 97' lang='grc'><em>3</em></span> <span class='ocrx_word' id='word_1_197' title='bbox 1152 2599 1224 2667; x_wconf 87' lang='grc'><em>331</em></span> 
     </span>
     <span class='ocr_line' id='line_1_23' title="bbox 89 2707 1211 2794; baseline -0.002 -21"><span class='ocrx_word' id='word_1_198' title='bbox 89 2707 232 2774; x_wconf 85' lang='lat' dir='ltr'><em>Brixianc</em></span> <span class='ocrx_word' id='word_1_199' title='bbox 263 2707 317 2774; x_wconf 91' lang='lat' dir='ltr'><em>illo</em></span> <span class='ocrx_word' id='word_1_200' title='bbox 349 2708 565 2792; x_wconf 82' lang='lat' dir='ltr'><em>bybliothecae</em></span> <span class='ocrx_word' id='word_1_201' title='bbox 593 2710 791 2790; x_wconf 81' lang='lat' dir='ltr'><em>Quirinianae</em></span> <span class='ocrx_word' id='word_1_202' title='bbox 820 2707 860 2793; x_wconf 89' lang='lat' dir='ltr'><em>(A</em></span> <span class='ocrx_word' id='word_1_203' title='bbox 883 2710 898 2773; x_wconf 94' lang='grc' dir='ltr'><strong>Ι</strong></span> <span class='ocrx_word' id='word_1_204' title='bbox 921 2708 954 2794; x_wconf 88' lang='grc'><em>8)</em></span> <span class='ocrx_word' id='word_1_205' title='bbox 983 2727 1063 2776; x_wconf 87' lang='grc'>3333.</span> <span class='ocrx_word' id='word_1_206' title='bbox 1086 2709 1132 2773; x_wconf 89' lang='lat' dir='ltr'><em>XI</em></span> <span class='ocrx_word' id='word_1_207' title='bbox 1157 2708 1211 2773; x_wconf 89' lang='lat' dir='ltr'><em>uel</em></span> 
     </span>
     <span class='ocr_line' id='line_1_24' title="bbox 88 2813 1210 2896; baseline 0 -17"><span class='ocrx_word' id='word_1_208' title='bbox 88 2813 149 2879; x_wconf 88' lang='lat' dir='ltr'><em>XII</em></span> <span class='ocrx_word' id='word_1_209' title='bbox 182 2813 235 2896; x_wconf 94' lang='lat' dir='ltr'><em>qui</em></span> <span class='ocrx_word' id='word_1_210' title='bbox 266 2813 404 2880; x_wconf 90' lang='lat' dir='ltr'><em>continet</em></span> <span class='ocrx_word' id='word_1_211' title='bbox 435 2818 466 2879; x_wconf 91' lang='lat' dir='ltr'><em>et</em></span> <span class='ocrx_word' id='word_1_212' title='bbox 494 2815 662 2882; x_wconf 82' lang='lat' dir='ltr'><em>Gaudentii</em></span> <span class='ocrx_word' id='word_1_213' title='bbox 689 2835 863 2885; x_wconf 88' lang='lat' dir='ltr'><em>sermonem</em></span> <span class='ocrx_word' id='word_1_214' title='bbox 894 2817 931 2880; x_wconf 89' lang='lat' dir='ltr'><em>de</em></span> <span class='ocrx_word' id='word_1_215' title='bbox 963 2816 1030 2880; x_wconf 88' lang='lat' dir='ltr'><em>uita</em></span> <span class='ocrx_word' id='word_1_216' title='bbox 1061 2818 1093 2879; x_wconf 90' lang='lat' dir='ltr'><em>et</em></span> <span class='ocrx_word' id='word_1_217' title='bbox 1121 2814 1210 2880; x_wconf 91' lang='lat' dir='ltr'><em>obitu</em></span> 
     </span>
     <span class='ocr_line' id='line_1_25' title="bbox 85 2918 1208 3006; baseline 0 -23"><span class='ocrx_word' id='word_1_218' title='bbox 85 2918 225 2983; x_wconf 81' lang='lat' dir='ltr'><em>Filastrii</em></span> <span class='ocrx_word' id='word_1_219' title='bbox 248 2920 285 2985; x_wconf 90' lang='lat' dir='ltr'><em>de</em></span> <span class='ocrx_word' id='word_1_220' title='bbox 309 2939 369 3003; x_wconf 91' lang='lat' dir='ltr'><em>qno</em></span> <span class='ocrx_word' id='word_1_221' title='bbox 387 2920 466 2985; x_wconf 83' lang='lat' dir='ltr'><em>infra</em></span> <span class='ocrx_word' id='word_1_222' title='bbox 487 2923 596 3006; x_wconf 83' lang='lat' dir='ltr'><em>agetur</em></span> <span class='ocrx_word' id='word_1_223' title='bbox 619 2923 725 2987; x_wconf 85' lang='grc'>31131.</span> <span class='ocrx_word' id='word_1_224' title='bbox 751 2923 946 2986; x_wconf 68' lang='lat'>1530-162·</span> <span class='ocrx_word' id='word_1_225' title='bbox 963 2921 1122 3004; x_wconf 81' lang='lat' dir='ltr'><em>Rumperti</em></span> <span class='ocrx_word' id='word_1_226' title='bbox 1146 2939 1208 2985; x_wconf 88' lang='lat' dir='ltr'><em>ser·</em></span> 
     </span>
     <span class='ocr_line' id='line_1_26' title="bbox 87 3024 1209 3112; baseline 0.003 -24"><span class='ocrx_word' id='word_1_227' title='bbox 87 3043 212 3089; x_wconf 92' lang='lat' dir='ltr'><em>monem</em></span> <span class='ocrx_word' id='word_1_228' title='bbox 240 3026 277 3090; x_wconf 91' lang='lat' dir='ltr'><em>de</em></span> <span class='ocrx_word' id='word_1_229' title='bbox 304 3027 504 3092; x_wconf 81' lang='lat' dir='ltr'><em>translatione</em></span> <span class='ocrx_word' id='word_1_230' title='bbox 531 3028 670 3092; x_wconf 83' lang='lat' dir='ltr'><em>Filastrii</em></span> <span class='ocrx_word' id='word_1_231' title='bbox 693 3027 852 3112; x_wconf 80' lang='lat' dir='ltr'><em>(Galeard.</em></span> <span class='ocrx_word' id='word_1_232' title='bbox 875 3030 897 3093; x_wconf 93' lang='grc'><em>1.</em></span> <span class='ocrx_word' id='word_1_233' title='bbox 922 3049 945 3094; x_wconf 90' lang='lat' dir='ltr'><em>s.</em></span> <span class='ocrx_word' id='word_1_234' title='bbox 967 3049 998 3110; x_wconf 92' lang='lat' dir='ltr'><em>p.</em></span> <span class='ocrx_word' id='word_1_235' title='bbox 1022 3028 1088 3097; x_wconf 63' lang='grc'><em>387,</em></span> <span class='ocrx_word' id='word_1_236' title='bbox 1109 3024 1209 3111; x_wconf 90' lang='grc'>3333.)</span> 
     </span>
     <span class='ocr_line' id='line_1_27' title="bbox 86 3131 1209 3217; baseline 0.002 -22"><span class='ocrx_word' id='word_1_237' title='bbox 86 3131 165 3196; x_wconf 86' lang='lat' dir='ltr'><em>haec</em></span> <span class='ocrx_word' id='word_1_238' title='bbox 189 3150 266 3214; x_wconf 89' lang='lat' dir='ltr'><em>quae</em></span> <span class='ocrx_word' id='word_1_239' title='bbox 291 3137 362 3198; x_wconf 90' lang='lat' dir='ltr'><em>ante</em></span> <span class='ocrx_word' id='word_1_240' title='bbox 380 3132 539 3215; x_wconf 81' lang='lat' dir='ltr'><em>Rumperti</em></span> <span class='ocrx_word' id='word_1_241' title='bbox 563 3153 735 3200; x_wconf 89' lang='lat' dir='ltr'><em>sermonem</em></span> <span class='ocrx_word' id='word_1_242' title='bbox 758 3135 874 3217; x_wconf 89' lang='lat' dir='ltr'><em>scripta</em></span> <span class='ocrx_word' id='word_1_243' title='bbox 893 3139 980 3199; x_wconf 88' lang='lat' dir='ltr'><em>sunt:</em></span> <span class='ocrx_word' id='word_1_244' title='bbox 1002 3133 1044 3199; x_wconf 92' lang='lat' dir='ltr'><em>In</em></span> <span class='ocrx_word' id='word_1_245' title='bbox 1060 3136 1209 3217; x_wconf 77' lang='lat' dir='ltr'><em>martyro·</em></span> 
     </span>
     <span class='ocr_line' id='line_1_28' title="bbox 87 3233 1216 3322; baseline 0.002 -24"><span class='ocrx_word' id='word_1_246' title='bbox 87 3235 164 3319; x_wconf 76' lang='lat' dir='ltr'><em>loqio</em></span> <span class='ocrx_word' id='word_1_247' title='bbox 186 3241 309 3301; x_wconf 89' lang='lat' dir='ltr'><em>nostroe</em></span> <span class='ocrx_word' id='word_1_248' title='bbox 326 3235 509 3303; x_wconf 65' lang='lat' dir='ltr'><em>,Brinimsis</em></span> <span class='ocrx_word' id='word_1_249' title='bbox 531 3239 670 3304; x_wconf 76' lang='lat' dir='ltr'><em>meusne</em></span> <span class='ocrx_word' id='word_1_250' title='bbox 692 3242 739 3304; x_wconf 90' lang='lat' dir='ltr'><em>ita</em></span> <span class='ocrx_word' id='word_1_251' title='bbox 759 3241 909 3322; x_wconf 69' lang='lat' dir='ltr'><em>scriptum</em></span> <span class='ocrx_word' id='word_1_252' title='bbox 931 3239 1120 3302; x_wconf 87' lang='lat' dir='ltr'><em>inuenimus:</em></span> <span class='ocrx_word' id='word_1_253' title='bbox 1143 3233 1216 3300; x_wconf 89' lang='lat' dir='ltr'><em>XV</em></span> 
     </span>
     <span class='ocr_line' id='line_1_29' title="bbox 80 3340 1212 3434; baseline 0.002 -30"><span class='ocrx_word' id='word_1_254' title='bbox 80 3340 144 3434; x_wconf 83' lang='lat' dir='ltr'><em>Kt.</em></span> <span class='ocrx_word' id='word_1_255' title='bbox 167 3341 248 3424; x_wconf 76' lang='lat' dir='ltr'><em>Auq.</em></span> <span class='ocrx_word' id='word_1_256' title='bbox 271 3340 406 3406; x_wconf 78' lang='lat' dir='ltr'><em>Brixiae</em></span> <span class='ocrx_word' id='word_1_257' title='bbox 427 3345 596 3426; x_wconf 79' lang='lat' dir='ltr'><em>assumptio</em></span> <span class='ocrx_word' id='word_1_258' title='bbox 618 3345 787 3410; x_wconf 85' lang='lat' dir='ltr'><em>beatissimi</em></span> <span class='ocrx_word' id='word_1_259' title='bbox 802 3367 860 3427; x_wconf 79' lang='lat' dir='ltr'><em>pp.</em></span> <span class='ocrx_word' id='word_1_260' title='bbox 884 3344 1038 3409; x_wconf 85' lang='lat' dir='ltr'><em>Fitastrii.</em></span> <span class='ocrx_word' id='word_1_261' title='bbox 1061 3342 1147 3408; x_wconf 88' lang='lat' dir='ltr'><em>Iacet</em></span> <span class='ocrx_word' id='word_1_262' title='bbox 1169 3340 1212 3406; x_wconf 89' lang='lat' dir='ltr'><em>ad</em></span> 
     </span>
     <span class='ocr_line' id='line_1_30' title="bbox 85 3443 1210 3531; baseline 0.001 -21"><span class='ocrx_word' id='word_1_263' title='bbox 85 3443 235 3512; x_wconf 82' lang='lat' dir='ltr'><em>Sanctum</em></span> <span class='ocrx_word' id='word_1_264' title='bbox 252 3448 423 3522; x_wconf 86' lang='lat' dir='ltr'><em>Andream.</em></span> <span class='ocrx_word' id='word_1_265' title='bbox 444 3449 565 3514; x_wconf 78' lang='lat' dir='ltr'><em>Titulus</em></span> <span class='ocrx_word' id='word_1_266' title='bbox 583 3455 685 3515; x_wconf 88' lang='lat' dir='ltr'><em>antem</em></span> <span class='ocrx_word' id='word_1_267' title='bbox 702 3451 833 3531; x_wconf 82' lang='lat' dir='ltr'><em>sepulcri</em></span> <span class='ocrx_word' id='word_1_268' title='bbox 851 3451 916 3515; x_wconf 90' lang='lat' dir='ltr'><em>eius</em></span> <span class='ocrx_word' id='word_1_269' title='bbox 933 3450 988 3514; x_wconf 90' lang='lat' dir='ltr'><em>siti</em></span> <span class='ocrx_word' id='word_1_270' title='bbox 1005 3452 1095 3513; x_wconf 71' lang='lat' dir='ltr'><em>iuxta</em></span> <span class='ocrx_word' id='word_1_271' title='bbox 1112 3448 1210 3512; x_wconf 75' lang='lat' dir='ltr'><em>odore</em></span> 
     </span>
     <span class='ocr_line' id='line_1_31' title="bbox 84 3553 1209 3639; baseline 0.002 -23"><span class='ocrx_word' id='word_1_272' title='bbox 84 3553 253 3617; x_wconf 84' lang='lat' dir='ltr'><em>beatissimi</em></span> <span class='ocrx_word' id='word_1_273' title='bbox 279 3553 426 3619; x_wconf 85' lang='lat' dir='ltr'><em>Andreae</em></span> <span class='ocrx_word' id='word_1_274' title='bbox 454 3557 585 3639; x_wconf 80' lang='lat' dir='ltr'><em>apostoli</em></span> <span class='ocrx_word' id='word_1_275' title='bbox 611 3558 646 3622; x_wconf 90' lang='lat' dir='ltr'><em>in</em></span> <span class='ocrx_word' id='word_1_276' title='bbox 672 3558 849 3621; x_wconf 88' lang='lat' dir='ltr'><em>meridiana</em></span> <span class='ocrx_word' id='word_1_277' title='bbox 872 3556 967 3638; x_wconf 71' lang='grc'>31333</span> <span class='ocrx_word' id='word_1_278' title='bbox 990 3561 1072 3619; x_wconf 88' lang='lat' dir='ltr'><em>erat:</em></span> <span class='ocrx_word' id='word_1_279' title='bbox 1101 3553 1209 3627; x_wconf 74' lang='lat' dir='ltr'><em>PHA-</em></span> 
     </span>
     <span class='ocr_line' id='line_1_32' title="bbox 85 3657 1208 3742; baseline -0.004 -16"><span class='ocrx_word' id='word_1_280' title='bbox 85 3658 231 3726; x_wconf 83' lang='lat' dir='ltr'><strong>STRIVS</strong></span> <span class='ocrx_word' id='word_1_281' title='bbox 256 3661 530 3732; x_wconf 77' lang='lat' dir='ltr'><em>anrlsSIMAn</em></span> <span class='ocrx_word' id='word_1_282' title='bbox 553 3661 774 3728; x_wconf 75' lang='lat' dir='ltr'>MEMORIAE}</span> <span class='ocrx_word' id='word_1_283' title='bbox 798 3662 870 3729; x_wconf 82' lang='lat' dir='ltr'><em>ch</em></span> <span class='ocrx_word' id='word_1_284' title='bbox 893 3659 1138 3742; x_wconf 75' lang='lat' dir='ltr'><em>Ruqvlnsclr</em></span> <span class='ocrx_word' id='word_1_285' title='bbox 1164 3657 1208 3723; x_wconf 87' lang='lat' dir='ltr'><em>IN</em></span> 
     </span>
     <span class='ocr_line' id='line_1_33' title="bbox 83 3762 1208 3851; baseline 0 -22"><span class='ocrx_word' id='word_1_286' title='bbox 83 3762 201 3830; x_wconf 77' lang='lat' dir='ltr'><em>Pecu.</em></span> <span class='ocrx_word' id='word_1_287' title='bbox 223 3763 294 3829; x_wconf 90' lang='lat' dir='ltr'><em>Non</em></span> <span class='ocrx_word' id='word_1_288' title='bbox 319 3770 367 3831; x_wconf 90' lang='lat' dir='ltr'><em>est</em></span> <span class='ocrx_word' id='word_1_289' title='bbox 391 3767 474 3850; x_wconf 91' lang='lat' dir='ltr'><em>quod</em></span> <span class='ocrx_word' id='word_1_290' title='bbox 497 3767 534 3832; x_wconf 91' lang='lat' dir='ltr'><em>de</em></span> <span class='ocrx_word' id='word_1_291' title='bbox 552 3768 612 3833; x_wconf 89' lang='lat' dir='ltr'><em>fide</em></span> <span class='ocrx_word' id='word_1_292' title='bbox 632 3771 663 3832; x_wconf 91' lang='lat' dir='ltr'><em>et</em></span> <span class='ocrx_word' id='word_1_293' title='bbox 682 3769 866 3851; x_wconf 89' lang='lat' dir='ltr'><em>antiquitate</em></span> <span class='ocrx_word' id='word_1_294' title='bbox 885 3768 979 3832; x_wconf 90' lang='lat' dir='ltr'><em>huius</em></span> <span class='ocrx_word' id='word_1_295' title='bbox 998 3764 1208 3847; x_wconf 86' lang='lat' dir='ltr'><em>inscriptionis</em></span> 
     </span>
     <span class='ocr_line' id='line_1_34' title="bbox 84 3869 1208 3957; baseline 0 -22"><span class='ocrx_word' id='word_1_296' title='bbox 84 3869 282 3935; x_wconf 89' lang='lat' dir='ltr'><em>dubitemus:</em></span> <span class='ocrx_word' id='word_1_297' title='bbox 302 3872 425 3937; x_wconf 87' lang='lat' dir='ltr'><em>etiamsi</em></span> <span class='ocrx_word' id='word_1_298' title='bbox 444 3893 504 3938; x_wconf 91' lang='lat' dir='ltr'><em>non</em></span> <span class='ocrx_word' id='word_1_299' title='bbox 523 3874 586 3938; x_wconf 86' lang='lat' dir='ltr'><em>iam</em></span> <span class='ocrx_word' id='word_1_300' title='bbox 602 3875 704 3957; x_wconf 89' lang='lat' dir='ltr'><em>possit</em></span> <span class='ocrx_word' id='word_1_301' title='bbox 723 3875 843 3938; x_wconf 88' lang='lat' dir='ltr'><em>definiri</em></span> <span class='ocrx_word' id='word_1_302' title='bbox 859 3894 932 3937; x_wconf 91' lang='lat' dir='ltr'><em>num</em></span> <span class='ocrx_word' id='word_1_303' title='bbox 952 3872 1052 3955; x_wconf 87' lang='lat' dir='ltr'><em>prima</em></span> <span class='ocrx_word' id='word_1_304' title='bbox 1070 3870 1208 3937; x_wconf 90' lang='lat' dir='ltr'><em>omnium</em></span> 
     </span>
    </p>
   </div>
   <div class='ocr_carea' id='block_1_3' title="bbox 81 4016 1209 4272">
    <p class='ocr_par' dir='ltr' id='par_1_3' title="bbox 81 4016 1209 4272">
     <span class='ocr_line' id='line_1_35' title="bbox 131 4016 1207 4092; baseline 0.002 -15"><span class='ocrx_word' id='word_1_305' title='bbox 131 4025 151 4092; x_wconf 84' lang='lat'><em>¹)</em></span> <span class='ocrx_word' id='word_1_306' title='bbox 169 4016 298 4078; x_wconf 84' lang='lat' dir='ltr'><em>Nominat</em></span> <span class='ocrx_word' id='word_1_307' title='bbox 312 4030 400 4080; x_wconf 86' lang='lat' dir='ltr'><em>autem</em></span> <span class='ocrx_word' id='word_1_308' title='bbox 416 4026 581 4082; x_wconf 83' lang='lat' dir='ltr'><em>Gaudentius</em></span> <span class='ocrx_word' id='word_1_309' title='bbox 597 4045 655 4082; x_wconf 90' lang='lat' dir='ltr'><em>eum</em></span> <span class='ocrx_word' id='word_1_310' title='bbox 670 4029 813 4082; x_wconf 88' lang='lat' dir='ltr'><em>secundum</em></span> <span class='ocrx_word' id='word_1_311' title='bbox 828 4028 947 4082; x_wconf 89' lang='lat' dir='ltr'><em>codicum</em></span> <span class='ocrx_word' id='word_1_312' title='bbox 961 4023 1207 4081; x_wconf 55' lang='grc' dir='ltr'>133113οηί3111-</span> 
     </span>
     <span class='ocr_line' id='line_1_36' title="bbox 81 4111 1209 4186; baseline -0.003 -16"><span class='ocrx_word' id='word_1_313' title='bbox 81 4114 176 4178; x_wconf 82' lang='lat' dir='ltr'><em>stra&#39;us,</em></span> <span class='ocrx_word' id='word_1_314' title='bbox 193 4128 247 4166; x_wconf 90' lang='lat' dir='ltr'><em>nou</em></span> <span class='ocrx_word' id='word_1_315' title='bbox 265 4111 449 4169; x_wconf 82' lang='lat' dir='ltr'><em>Philastn&#39;us:</em></span> <span class='ocrx_word' id='word_1_316' title='bbox 467 4115 538 4184; x_wconf 88' lang='lat' dir='ltr'><em>qnod</em></span> <span class='ocrx_word' id='word_1_317' title='bbox 555 4114 586 4169; x_wconf 88' lang='lat' dir='ltr'><em>A.</em></span> <span class='ocrx_word' id='word_1_318' title='bbox 605 4116 752 4170; x_wconf 86' lang='lat' dir='ltr'><em>Polaschek</em></span> <span class='ocrx_word' id='word_1_319' title='bbox 770 4133 812 4169; x_wconf 84' lang='lat' dir='ltr'><em>me</em></span> <span class='ocrx_word' id='word_1_320' title='bbox 831 4133 914 4186; x_wconf 89' lang='lat' dir='ltr'><em>nuper</em></span> <span class='ocrx_word' id='word_1_321' title='bbox 932 4118 982 4170; x_wconf 89' lang='lat' dir='ltr'><em>hac</em></span> <span class='ocrx_word' id='word_1_322' title='bbox 1000 4115 1032 4170; x_wconf 87' lang='grc'><em>13</em></span> <span class='ocrx_word' id='word_1_323' title='bbox 1052 4132 1080 4169; x_wconf 88' lang='lat' dir='ltr'><em>re</em></span> <span class='ocrx_word' id='word_1_324' title='bbox 1102 4113 1209 4169; x_wconf 84' lang='lat' dir='ltr'><em>edocuit</em></span> 
     </span>
     <span class='ocr_line' id='line_1_37' title="bbox 81 4199 1209 4272; baseline -0.001 -15"><span class='ocrx_word' id='word_1_325' title='bbox 81 4199 265 4258; x_wconf 85' lang='lat' dir='ltr'><em>sciscitantem</em></span> <span class='ocrx_word' id='word_1_326' title='bbox 279 4199 417 4271; x_wconf 87' lang='lat' dir='ltr'><em>eidemque</em></span> <span class='ocrx_word' id='word_1_327' title='bbox 436 4203 567 4265; x_wconf 81' lang='lat' dir='ltr'><em>debentur</em></span> <span class='ocrx_word' id='word_1_328' title='bbox 580 4219 648 4272; x_wconf 88' lang='grc'>3333</span> <span class='ocrx_word' id='word_1_329' title='bbox 662 4203 695 4256; x_wconf 91' lang='grc'><em>13</em></span> <span class='ocrx_word' id='word_1_330' title='bbox 710 4203 777 4257; x_wconf 87' lang='grc'>3311</span> <span class='ocrx_word' id='word_1_331' title='bbox 790 4204 971 4259; x_wconf 86' lang='lat' dir='ltr'><em>Brixiensibus</em></span> <span class='ocrx_word' id='word_1_332' title='bbox 985 4204 1029 4258; x_wconf 90' lang='lat' dir='ltr'><em>hic</em></span> <span class='ocrx_word' id='word_1_333' title='bbox 1043 4205 1209 4258; x_wconf 85' lang='lat' dir='ltr'><em>enarrantur.</em></span> 
     </span>
    </p>
   </div>
   <div class='ocr_carea' id='block_1_4' title="bbox 0 0 1434 4620">
    <p class='ocr_par' dir='ltr' id='par_1_4' title="bbox 0 0 1434 4620">
     <span class='ocr_line' id='line_1_38' title="bbox 0 0 1434 4620; baseline 0 2"><span class='ocrx_word' id='word_1_334' title='bbox 0 0 1434 4620; x_wconf 95' lang='lat' dir='ltr'><em> </em></span> 
     </span>
    </p>
   </div>
  </div>
 </body>
</html>
