2858 4620
171 278 211 341 12
355 273 532 328 FILASTBII
548 273 777 330 omnesnnvn
795 275 989 332 BERESEON
1006 276 1113 331 Lintea

169 468 219 532 dei
246 469 397 551 populum
425 468 600 552 cogitando,
624 468 742 547 Iudaei,
760 473 806 538 ¹ut
832 471 944 554 pagani
971 471 1030 536 suh
1052 472 1111 537 hoo
1133 474 1286 539 uocabulo

168 573 286 637 idolum
309 572 457 638 facientes
480 573 590 655 ipsius,
610 573 710 638 colere
731 573 812 638 illud
833 593 892 639 non
921 575 1111 643 desinebant.

689 762 775 816 XXVI

212 888 282 953 Alia
304 892 353 953 est
374 887 492 952 heresis
515 919 560 956 m
583 886 620 952 de
638 887 831 971 Pytlronissa
856 888 938 970 qnod
961 873 1171 971 cooperientes
1189 893 1286 957 ueeti·

73 1048 75 1058 .
168 994 281 1059 mentis
313 994 473 1065 mulierem
506 994 544 1058 ab
576 1012 614 1058 ea
644 991 968 1076 quaedamlresponsa
999 995 1163 1077 sperabant
1192 1017 1285 1080 posse
1312 1025 1318 1063 ι

166 1100 325 1182 consequi.
358 1099 445 1166 Unde
474 1102 505 1162 et
532 1099 619 1164 aiunt
639 1099 857 1184 Pythoniseam
884 1101 970 1164 illam
997 1101 1081 1165 beati
1108 1101 1284 1190 samuhelis

168 1207 301 1271 animam
333 1207 370 1270 ab
402 1200 507 1270 inieris
541 1206 690 1271 excitasse
722 1209 814 1288 atque
840 1205 911 1270 inde
937 1206 1069 1272 maxime
1096 1207 1179 1272 credi
1202 1209 1284 1281 <id>

166 1331 259 1395 posse
288 1312 427 1377 homines
458 1330 558 1393 usque
588 1311 681 1376 hodie
712 1311 838 1394 plurimi
869 1311 1076 1393 suspieentur,
1103 1313 1179 1394 quio
1205 1333 1285 1396 quae

161 1411 284 1483 'dixerat
314 1420 379 1502 regi
408 1417 495 1483 Sauli
526 1420 682 1500 superstes
709 1417 860 1500 propheta
887 1417 1098 1497 beatissimus,
1126 1437 1163 1483 ea
1189 1419 1284 1484 otiam

166 1526 196 1589 in
224 1525 405 1590 excitatione
433 1524 522 1608 quasi
549 1523 599 1588 dei
629 1523 741 1588 iterum
772 1543 920 1606 responsa
946 1524 1060 1589 dixisse
1088 1526 1287 1609 cognoscitur
1303 1559 1318 1596 o

122 1634 252 1714 ,tuera3
281 1650 413 1713 cumque
439 1620 565 1712 plurimi
591 1629 664 1694 huic
694 1630 891 1712 adquiescere
913 1630 1073 1695 mendacio
1097 1632 1228 1711 malunt,
1252 1632 1283 1695 in

165 1739 351 1820 perpetuum
385 1736 576 1801 descendunt
609 1736 641 1799 in
676 1735 847 1813 interitum,
884 1754 954 1800 curn
995 1734 1145 1818 propheta
1185 1736 1282 1801 dicat:

165 1843 367 1908 Iustorum
399 1841 548 1906 animae
579 1841 616 1905 in
649 1861 762 1906 manu
795 1842 951 1917 domini,
984 1844 1023 1906 et
1048 1862 1121 1906 non
1148 1843 1286 1925 tangit

165 1967 229 2013 eas
261 1968 373 2014 mors.
408 1948 569 2028 Quomodo
596 1947 702 2030 itaque
729 1948 832 2011 anima
857 1948 954 2031 impia
975 1947 1059 2030 piam
1082 1953 1283 2030 sanctamque

165 2055 309 2135 animem,
343 2058 375 2119 et
405 2054 571 2137 prophetae
603 2052 745 2130 maxime,
777 2056 899 2135 poterat
931 2054 968 2118 ab
995 2053 1101 2118 inferis
1129 2054 1282 2119 excitare?
1302 2083 1318 2123 n

158 2151 226 2226 Sed
261 2161 333 2243 quia
367 2161 510 2245 ignorant
545 2159 627 2243 quod
662 2159 839 2228 recedentes
875 2159 993 2224 animae
1026 2178 1043 2222 a
1074 2159 1134 2223 fide
1166 2158 1283 2225 Christi

163 2266 279 2331 domini
311 2266 430 2331 deditas
461 2265 523 2330 iem
555 2284 589 2329 se
619 2265 775 2348 impietati
804 2265 925 2330 faciunt
956 2267 1048 2346 atque
1080 2264 1109 2329 ei
1136 2265 1221 2329 omni
1247 2285 1281 2330 se

163 2373 267 2437 studio
303 2373 472 2446 subiciunt,
509 2371 582 2454 quia
616 2371 734 2435 arbitrii
770 2372 819 2436 sui
851 2373 900 2435 est
931 2371 1031 2435 omnis
1062 2370 1165 2448 horno,
1198 2370 1280 2453 quod

161 2479 240 2543 uelit
261 2482 298 2543 ut
320 2479 417 2562 eligat
439 2478 538 2542 iecere
561 2477 759 2559 permittente
782 2477 848 2554 deo,
872 2477 933 2541 iam
957 2481 993 2542 ut
1014 2514 1059 2544 *et
1082 2477 1155 2559 quie
1180 2495 1281 2542 reces-

162 2585 204 2649 sit
235 2604 252 2648 a
284 2586 419 2662 domino,
451 2589 487 2648 ut
517 2583 697 2648 immundus
730 2583 859 2665 spiritns
894 2584 957 2647 iam
994 2585 1023 2648 ei
1059 2584 1279 2661 dominaretur,
1298 2612 1318 2654 ι(

161 2690 265 2754 dubiis
294 2693 326 2754 et
356 2690 602 2755 claudicantibus
631 2690 666 2783 in
696 2689 765 2773 lege
798 2689 903 2753 diuina
939 2690 1021 2772 quod
1057 2689 1134 2754 dixit
1168 2691 1280 2755 beatus

130 2796 281 2862 3Helias:
310 2796 386 2860 Aut
418 2796 497 2870 deo,
531 2795 611 2873 deo,
644 2797 710 2859 aut
740 2794 872 2872 Bahal,
904 2795 1037 2860 Bahal.
1071 2793 1144 2874 Qui
1177 2796 1279 2860 enirn

160 2903 326 2967 adheret
346 2901 517 2975 Christo,
539 2920 653 2965 unum
674 2919 816 2983 eorpus
841 2905 910 2975 est,
930 2905 968 2966 et
990 2902 1055 2984 qni
1078 2901 1277 2966 immundo

160 3007 338 3093 spiritui,
362 3026 461 3070 unus
486 3025 704 3071 consensus
729 3009 797 3071 est.
826 3008 867 3071 Et
888 3006 994 3072 Achab
1017 3026 1069 3072 rex
1091 3007 1277 3072 ludaeorum

159 3133 230 3179 cum
266 3113 404 3179 crederet
440 3112 585 3178 Sedeciae
621 3117 653 3178 et
687 3112 757 3177 aliis
784 3112 881 3189 ¹falsis
911 3113 1071 3197 prophetis
1104 3131 1276 3196 uerumque
1294 3133 1318 3176 aa

244 3319 684 3379 manutenementum
732 3316 1097 3389 dI'RegXXVIlliseqp.
1149 3319 1273 3388 olaeg.

156 3409 204 3464 XV
223 3409 264 3463 18.
285 3411 326 3464 19.
344 3409 378 3462 28
396 3407 509 3462 XXVIII
530 3408 631 3462 16-'18
697 3410 730 3464 13
749 3409 809 3478 Sap.
827 3408 870 3462 III
890 3410 902 3462 l
972 3411 1005 3466 18
1023 3409 1084 3478 Sap.
1105 3409 1154 3463 Sir.
1172 3408 1222 3462 XV
1241 3409 1274 3463 14

154 3499 189 3554 ea
206 3496 248 3550 111
264 3496 480 3566 Reg.xv11121
501 3494 516 3548 1
535 3493 593 3550 cor.
612 3495 650 3550 v1
670 3498 709 3550 ro.
731 3496 762 3549 ιτ
832 3495 1042 3566 2411Paralip.
1060 3496 1151 3550 xvrn
1169 3498 1185 3551 o
1203 3513 1272 3566 seqq.

155 3585 196 3639 Ill
214 3586 277 3655 Reg.
296 3584 372 3638 XXII
389 3586 406 3638 8
424 3601 490 3652 seqq.
889 3577 891 3583 ’

189 3712 209 3764 4
231 3709 329 3763 excidit
352 3709 440 3762 ueluti
463 3724 529 3776 quae
552 3724 605 3761 non
627 3710 699 3762 reete
721 3708 855 3761 sentiebat
876 3709 903 3760 in
922 3707 1029 3761 Iudaeis
1134 3711 1272 3778 pptomssa

153 3801 325 3868 6pyton¹ssa
389 3797 478 3858 aad>
491 3795 589 3849 addidi
666 3797 766 3865 Sqoic
788 3795 923 3865 Oetleruo]
942 3796 988 3865 qui
1007 3812 1038 3849 ea
1107 3797 1271 3865 tenperstis

154 3889 189 3942 10
207 3886 251 3940 dei
267 3884 425 3954 Fabricius]
445 3884 470 3938 ei
506 3886 539 3941 1e
556 3883 712 3938 excidenmt
724 3883 784 3952 fere
801 3884 879 3938 hoec:
897 3884 970 3937 beati
988 3883 1137 3938 Samuhelie
1156 3884 1270 3937 animam

153 3974 186 4028 ab
212 3973 303 4029 inieris
328 3973 456 4027 excitasse
477 3972 664 4041 Pythonissam
690 3970 815 4032 adserunt
836 3972 876 4028 ita
897 3971 1011 4026 edocent
1032 3971 1185 4027 aberrantes
1210 3989 1270 4027 eum

153 4062 282 4131 scriptura
309 4078 376 4131 quae
406 4060 570 4117 nuntiauerit
598 4058 631 4112 de
658 4059 722 4113 Saul
747 4076 818 4130 rege,
846 4060 961 4130 spiritali
987 4061 1099 4115 seientia
1125 4061 1269 4123 nuntiauit,

157 4148 276 4203 deditum
295 4165 354 4202 eum
372 4148 453 4202 inisse
472 4149 604 4218 impietati
656 4149 691 4203 23
708 4149 772 4218 unu]
792 4159 806 4202 u
825 4150 857 4202 ior
874 4166 922 4203 ras
973 4151 1007 4204 25
1025 4149 1164 4204 sedechiae
