<?xml version="1.0" encoding="UTF-8"?>
<!DOCTYPE html PUBLIC "-//W3C//DTD XHTML 1.0 Transitional//EN"
    "http://www.w3.org/TR/xhtml1/DTD/xhtml1-transitional.dtd">
<html xmlns="http://www.w3.org/1999/xhtml" xml:lang="en" lang="en">
 <head>
  <title>
</title>
<meta http-equiv="Content-Type" content="text/html;charset=utf-8" />
  <meta name='ocr-system' content='tesseract 3.04.00' />
  <meta name='ocr-capabilities' content='ocr_page ocr_carea ocr_par ocr_line ocrx_word'/>
</head>
<body>
  <div class='ocr_page' id='page_1' title='image "./sanctifilastrii00marxgoog_0066.png"; bbox 0 0 2866 4614; ppageno 0'>
   <div class='ocr_carea' id='block_1_1' title="bbox 645 262 1322 362">
    <p class='ocr_par' dir='ltr' id='par_1_1' title="bbox 645 262 1322 362">
     <span class='ocr_line' id='line_1_1' title="bbox 645 262 1322 362; baseline -0.004 -15"><span class='ocrx_word' id='word_1_1' title='bbox 645 262 876 348; x_wconf 79' lang='lat' dir='ltr'>xxm-rrum</span> <span class='ocrx_word' id='word_1_2' title='bbox 1281 299 1322 362; x_wconf 86' lang='lat'>13</span> 
     </span>
    </p>
   </div>
   <div class='ocr_carea' id='block_1_2' title="bbox 135 486 1365 3205">
    <p class='ocr_par' dir='ltr' id='par_1_2' title="bbox 135 486 1365 3205">
     <span class='ocr_line' id='line_1_2' title="bbox 194 486 1320 576; baseline 0.003 -26"><span class='ocrx_word' id='word_1_3' title='bbox 194 487 384 571; x_wconf 88' lang='lat' dir='ltr'>prophetam</span> <span class='ocrx_word' id='word_1_4' title='bbox 411 486 527 552; x_wconf 90' lang='lat' dir='ltr'>domini</span> <span class='ocrx_word' id='word_1_5' title='bbox 550 487 704 552; x_wconf 87' lang='lat' dir='ltr'>Micheam</span> <span class='ocrx_word' id='word_1_6' title='bbox 731 488 1150 576; x_wconf 69' lang='lat' dir='ltr'>contemneretpinterrogat</span> <span class='ocrx_word' id='word_1_7' title='bbox 1177 488 1320 554; x_wconf 80' lang='lat' dir='ltr'>dominus</span> 
     </span>
     <span class='ocr_line' id='line_1_3' title="bbox 194 592 1321 680; baseline 0.002 -24"><span class='ocrx_word' id='word_1_8' title='bbox 194 592 383 657; x_wconf 91' lang='lat' dir='ltr'>inmundum</span> <span class='ocrx_word' id='word_1_9' title='bbox 415 593 569 675; x_wconf 88' lang='lat' dir='ltr'>spiritum,</span> <span class='ocrx_word' id='word_1_10' title='bbox 602 594 703 658; x_wconf 91' lang='lat' dir='ltr'>adhuc</span> <span class='ocrx_word' id='word_1_11' title='bbox 733 594 883 659; x_wconf 87' lang='lat' dir='ltr'>bonitatis</span> <span class='ocrx_word' id='word_1_12' title='bbox 913 597 982 660; x_wconf 89' lang='lat' dir='ltr'>loeo</span> <span class='ocrx_word' id='word_1_13' title='bbox 1014 594 1080 680; x_wconf 88' lang='lat' dir='ltr'>regi</span> <span class='ocrx_word' id='word_1_14' title='bbox 1120 613 1267 659; x_wconf 86' lang='lat' dir='ltr'>concesso</span> <span class='ocrx_word' id='word_1_15' title='bbox 1304 615 1321 658; x_wconf 92' lang='lat' dir='ltr'>a</span> 
     </span>
     <span class='ocr_line' id='line_1_4' title="bbox 194 698 1320 781; baseline 0.001 -16"><span class='ocrx_word' id='word_1_16' title='bbox 194 698 324 765; x_wconf 81' lang='lat' dir='ltr'>Christo</span> <span class='ocrx_word' id='word_1_17' title='bbox 357 699 481 765; x_wconf 92' lang='lat' dir='ltr'>domino</span> <span class='ocrx_word' id='word_1_18' title='bbox 515 717 612 781; x_wconf 84' lang='lat' dir='ltr'>usque</span> <span class='ocrx_word' id='word_1_19' title='bbox 644 699 683 774; x_wconf 88' lang='lat' dir='ltr'>ad</span> <span class='ocrx_word' id='word_1_20' title='bbox 707 700 833 781; x_wconf 91' lang='lat' dir='ltr'>tempus</span> <span class='ocrx_word' id='word_1_21' title='bbox 860 699 996 781; x_wconf 83' lang='lat' dir='ltr'>aliquod,</span> <span class='ocrx_word' id='word_1_22' title='bbox 1019 702 1065 774; x_wconf 88' lang='lat' dir='ltr'>ut,</span> <span class='ocrx_word' id='word_1_23' title='bbox 1088 700 1116 765; x_wconf 92' lang='lat' dir='ltr'>ei</span> <span class='ocrx_word' id='word_1_24' title='bbox 1138 701 1236 765; x_wconf 86' lang='lat' dir='ltr'>uellet</span> <span class='ocrx_word' id='word_1_25' title='bbox 1258 719 1320 766; x_wconf 88' lang='lat' dir='ltr'>ore·</span> 
     </span>
     <span class='ocr_line' id='line_1_5' title="bbox 193 805 1322 888; baseline 0.004 -19"><span class='ocrx_word' id='word_1_26' title='bbox 193 805 271 870; x_wconf 88' lang='lat' dir='ltr'>dere</span> <span class='ocrx_word' id='word_1_27' title='bbox 302 806 469 888; x_wconf 87' lang='lat' dir='ltr'>prophetae</span> <span class='ocrx_word' id='word_1_28' title='bbox 500 824 585 883; x_wconf 88' lang='lat' dir='ltr'>uero,</span> <span class='ocrx_word' id='word_1_29' title='bbox 616 806 784 887; x_wconf 82' lang='lat' dir='ltr'>procellam</span> <span class='ocrx_word' id='word_1_30' title='bbox 815 807 946 887; x_wconf 78' lang='lat' dir='ltr'>periculi</span> <span class='ocrx_word' id='word_1_31' title='bbox 978 806 1141 885; x_wconf 88' lang='lat' dir='ltr'>deuitaret,</span> <span class='ocrx_word' id='word_1_32' title='bbox 1169 807 1195 872; x_wconf 89' lang='lat' dir='ltr'>si</span> <span class='ocrx_word' id='word_1_33' title='bbox 1223 809 1322 873; x_wconf 89' lang='lat' dir='ltr'>nollet</span> 
     </span>
     <span class='ocr_line' id='line_1_6' title="bbox 157 909 1365 995; baseline -0.003 -20"><span class='ocrx_word' id='word_1_34' title='bbox 157 933 172 975; x_wconf 81' lang='lat'>⁵</span> <span class='ocrx_word' id='word_1_35' title='bbox 192 911 362 994; x_wconf 90' lang='lat' dir='ltr'>magisque</span> <span class='ocrx_word' id='word_1_36' title='bbox 386 911 525 976; x_wconf 88' lang='lat' dir='ltr'>crederet</span> <span class='ocrx_word' id='word_1_37' title='bbox 545 911 837 994; x_wconf 88' lang='lat' dir='ltr'>pseudoprophetis,</span> <span class='ocrx_word' id='word_1_38' title='bbox 865 911 932 976; x_wconf 90' lang='lat' dir='ltr'>eine</span> <span class='ocrx_word' id='word_1_39' title='bbox 959 912 1053 977; x_wconf 91' lang='lat' dir='ltr'>dubio</span> <span class='ocrx_word' id='word_1_40' title='bbox 1081 912 1241 995; x_wconf 83' lang='lat' dir='ltr'>deperiret.</span> <span class='ocrx_word' id='word_1_41' title='bbox 1272 914 1321 978; x_wconf 88' lang='lat' dir='ltr'>lta</span> <span class='ocrx_word' id='word_1_42' title='bbox 1343 909 1365 971; x_wconf 85' lang='lat'>4</span> 
     </span>
     <span class='ocr_line' id='line_1_7' title="bbox 192 1016 1319 1100; baseline 0.003 -19"><span class='ocrx_word' id='word_1_43' title='bbox 192 1016 280 1081; x_wconf 92' lang='lat' dir='ltr'>enim</span> <span class='ocrx_word' id='word_1_44' title='bbox 303 1016 475 1100; x_wconf 88' lang='lat' dir='ltr'>interrogat</span> <span class='ocrx_word' id='word_1_45' title='bbox 502 1017 645 1092; x_wconf 84' lang='lat' dir='ltr'>dominus</span> <span class='ocrx_word' id='word_1_46' title='bbox 672 1017 858 1081; x_wconf 90' lang='lat' dir='ltr'>inmundum</span> <span class='ocrx_word' id='word_1_47' title='bbox 885 1017 1040 1100; x_wconf 89' lang='lat' dir='ltr'>spiritum,</span> <span class='ocrx_word' id='word_1_48' title='bbox 1067 1018 1189 1098; x_wconf 87' lang='lat' dir='ltr'>dicens:</span> <span class='ocrx_word' id='word_1_49' title='bbox 1223 1018 1319 1099; x_wconf 83' lang='lat' dir='ltr'>Quis</span> 
     </span>
     <span class='ocr_line' id='line_1_8' title="bbox 193 1122 1321 1206; baseline 0.004 -21"><span class='ocrx_word' id='word_1_50' title='bbox 193 1122 377 1200; x_wconf 79' lang='lat' dir='ltr'>seducet,</span> <span class='ocrx_word' id='word_1_51' title='bbox 413 1123 555 1204; x_wconf 88' lang='lat' dir='ltr'>inquit,</span> <span class='ocrx_word' id='word_1_52' title='bbox 592 1142 725 1206; x_wconf 87' lang='lat' dir='ltr'>regem</span> <span class='ocrx_word' id='word_1_53' title='bbox 755 1123 887 1187; x_wconf 86' lang='lat' dir='ltr'>Achab</span> <span class='ocrx_word' id='word_1_54' title='bbox 920 1122 1241 1203; x_wconf 88' lang='lat' dir='ltr'>Israhelitarum,</span> <span class='ocrx_word' id='word_1_55' title='bbox 1277 1128 1321 1190; x_wconf 93' lang='lat' dir='ltr'>ut</span> 
     </span>
     <span class='ocr_line' id='line_1_9' title="bbox 191 1228 1319 1312; baseline 0.004 -20"><span class='ocrx_word' id='word_1_56' title='bbox 191 1228 320 1293; x_wconf 88' lang='lat' dir='ltr'>uadat</span> <span class='ocrx_word' id='word_1_57' title='bbox 358 1228 396 1292; x_wconf 91' lang='lat' dir='ltr'>in</span> <span class='ocrx_word' id='word_1_58' title='bbox 438 1248 606 1312; x_wconf 88' lang='lat' dir='ltr'>pugnam</span> <span class='ocrx_word' id='word_1_59' title='bbox 645 1232 683 1293; x_wconf 88' lang='lat' dir='ltr'>et</span> <span class='ocrx_word' id='word_1_60' title='bbox 717 1229 774 1293; x_wconf 86' lang='lat' dir='ltr'>ioi</span> <span class='ocrx_word' id='word_1_61' title='bbox 812 1228 1115 1294; x_wconf 75' lang='lat' dir='ltr'>interficiatur?</span> <span class='ocrx_word' id='word_1_62' title='bbox 1147 1231 1197 1295; x_wconf 82' lang='lat' dir='ltr'>Et</span> <span class='ocrx_word' id='word_1_63' title='bbox 1229 1249 1319 1296; x_wconf 87' lang='lat' dir='ltr'>cccc</span> 
     </span>
     <span class='ocr_line' id='line_1_10' title="bbox 191 1334 1320 1419; baseline 0.002 -20"><span class='ocrx_word' id='word_1_64' title='bbox 191 1334 411 1400; x_wconf 88' lang='lat' dir='ltr'>inmundus</span> <span class='ocrx_word' id='word_1_65' title='bbox 440 1335 612 1418; x_wconf 89' lang='lat' dir='ltr'>spiritus</span> <span class='ocrx_word' id='word_1_66' title='bbox 641 1336 806 1400; x_wconf 87' lang='lat' dir='ltr'>aduenit</span> <span class='ocrx_word' id='word_1_67' title='bbox 834 1335 988 1400; x_wconf 90' lang='lat' dir='ltr'>dicans:</span> <span class='ocrx_word' id='word_1_68' title='bbox 1016 1337 1096 1419; x_wconf 85' lang='lat' dir='ltr'>llgo</span> <span class='ocrx_word' id='word_1_69' title='bbox 1120 1336 1258 1400; x_wconf 87' lang='lat' dir='ltr'>uadem</span> <span class='ocrx_word' id='word_1_70' title='bbox 1281 1342 1320 1401; x_wconf 90' lang='lat' dir='ltr'>et</span> 
     </span>
     <span class='ocr_line' id='line_1_11' title="bbox 138 1440 1318 1524; baseline 0.002 -18"><span class='ocrx_word' id='word_1_71' title='bbox 138 1465 170 1506; x_wconf 84' lang='grc' dir='ltr'>ιο</span> <span class='ocrx_word' id='word_1_72' title='bbox 192 1440 352 1505; x_wconf 86' lang='lat' dir='ltr'>faciam.</span> <span class='ocrx_word' id='word_1_73' title='bbox 389 1443 437 1506; x_wconf 83' lang='lat' dir='ltr'>Et</span> <span class='ocrx_word' id='word_1_74' title='bbox 473 1442 529 1505; x_wconf 89' lang='lat' dir='ltr'>ait</span> <span class='ocrx_word' id='word_1_75' title='bbox 560 1441 740 1506; x_wconf 91' lang='lat' dir='ltr'>dominus</span> <span class='ocrx_word' id='word_1_76' title='bbox 770 1442 814 1505; x_wconf 88' lang='lat' dir='ltr'>ad</span> <span class='ocrx_word' id='word_1_77' title='bbox 840 1440 1081 1508; x_wconf 92' lang='lat' dir='ltr'>immundum</span> <span class='ocrx_word' id='word_1_78' title='bbox 1114 1441 1318 1524; x_wconf 90' lang='lat' dir='ltr'>spiritum:</span> 
     </span>
     <span class='ocr_line' id='line_1_12' title="bbox 193 1546 1319 1630; baseline 0.002 -20"><span class='ocrx_word' id='word_1_79' title='bbox 193 1547 392 1629; x_wconf 92' lang='lat' dir='ltr'>quomodo</span> <span class='ocrx_word' id='word_1_80' title='bbox 424 1547 461 1611; x_wconf 94' lang='lat' dir='ltr'>id</span> <span class='ocrx_word' id='word_1_81' title='bbox 490 1548 640 1612; x_wconf 77' lang='lat' dir='ltr'>facies?</span> <span class='ocrx_word' id='word_1_82' title='bbox 667 1548 714 1611; x_wconf 81' lang='lat' dir='ltr'>Et</span> <span class='ocrx_word' id='word_1_83' title='bbox 747 1549 804 1612; x_wconf 89' lang='lat' dir='ltr'>ait</span> <span class='ocrx_word' id='word_1_84' title='bbox 834 1546 1046 1611; x_wconf 89' lang='lat' dir='ltr'>inmundus</span> <span class='ocrx_word' id='word_1_85' title='bbox 1074 1548 1246 1630; x_wconf 84' lang='lat' dir='ltr'>spiritus</span> <span class='ocrx_word' id='word_1_86' title='bbox 1274 1549 1319 1612; x_wconf 87' lang='lat' dir='ltr'>ad</span> 
     </span>
     <span class='ocr_line' id='line_1_13' title="bbox 193 1652 1319 1736; baseline 0.002 -20"><span class='ocrx_word' id='word_1_87' title='bbox 193 1653 413 1719; x_wconf 92' lang='lat' dir='ltr'>dominum:</span> <span class='ocrx_word' id='word_1_88' title='bbox 437 1654 555 1719; x_wconf 81' lang='lat' dir='ltr'>Facio</span> <span class='ocrx_word' id='word_1_89' title='bbox 584 1673 640 1717; x_wconf 91' lang='lat' dir='ltr'>me</span> <span class='ocrx_word' id='word_1_90' title='bbox 663 1653 779 1735; x_wconf 85' lang='lat' dir='ltr'>quasi</span> <span class='ocrx_word' id='word_1_91' title='bbox 802 1654 985 1736; x_wconf 83' lang='lat' dir='ltr'>angelum</span> <span class='ocrx_word' id='word_1_92' title='bbox 1007 1652 1113 1717; x_wconf 87' lang='lat' dir='ltr'>lucie</span> <span class='ocrx_word' id='word_1_93' title='bbox 1139 1655 1176 1717; x_wconf 92' lang='lat' dir='ltr'>et</span> <span class='ocrx_word' id='word_1_94' title='bbox 1198 1654 1319 1718; x_wconf 89' lang='lat' dir='ltr'>uerba</span> 
     </span>
     <span class='ocr_line' id='line_1_14' title="bbox 193 1758 1318 1842; baseline 0.001 -20"><span class='ocrx_word' id='word_1_95' title='bbox 193 1758 352 1823; x_wconf 83' lang='lat' dir='ltr'>similia</span> <span class='ocrx_word' id='word_1_96' title='bbox 379 1760 553 1841; x_wconf 88' lang='lat' dir='ltr'>eloquar,</span> <span class='ocrx_word' id='word_1_97' title='bbox 583 1764 622 1824; x_wconf 91' lang='lat' dir='ltr'>et</span> <span class='ocrx_word' id='word_1_98' title='bbox 645 1759 782 1824; x_wconf 92' lang='lat' dir='ltr'>ducam</span> <span class='ocrx_word' id='word_1_99' title='bbox 806 1778 890 1823; x_wconf 88' lang='lat' dir='ltr'>eum</span> <span class='ocrx_word' id='word_1_100' title='bbox 911 1759 949 1822; x_wconf 94' lang='lat' dir='ltr'>in</span> <span class='ocrx_word' id='word_1_101' title='bbox 972 1758 1178 1840; x_wconf 89' lang='lat' dir='ltr'>proelium,</span> <span class='ocrx_word' id='word_1_102' title='bbox 1203 1765 1318 1842; x_wconf 91' lang='lat' dir='ltr'>atque</span> 
     </span>
     <span class='ocr_line' id='line_1_15' title="bbox 191 1864 1318 1944; baseline 0.002 -16"><span class='ocrx_word' id='word_1_103' title='bbox 191 1864 255 1928; x_wconf 88' lang='lat' dir='ltr'>ibi</span> <span class='ocrx_word' id='word_1_104' title='bbox 278 1884 362 1929; x_wconf 91' lang='lat' dir='ltr'>eum</span> <span class='ocrx_word' id='word_1_105' title='bbox 386 1865 575 1944; x_wconf 84' lang='lat' dir='ltr'>deseram,</span> <span class='ocrx_word' id='word_1_106' title='bbox 599 1866 719 1930; x_wconf 88' lang='lat' dir='ltr'>etsie</span> <span class='ocrx_word' id='word_1_107' title='bbox 742 1865 944 1929; x_wconf 88' lang='lat' dir='ltr'>morietur.</span> <span class='ocrx_word' id='word_1_108' title='bbox 976 1865 1024 1928; x_wconf 79' lang='lat' dir='ltr'>Et</span> <span class='ocrx_word' id='word_1_109' title='bbox 1051 1864 1109 1929; x_wconf 91' lang='lat' dir='ltr'>ait</span> <span class='ocrx_word' id='word_1_110' title='bbox 1136 1864 1318 1930; x_wconf 90' lang='lat' dir='ltr'>dominus</span> 
     </span>
     <span class='ocr_line' id='line_1_16' title="bbox 135 1970 1317 2053; baseline -0.002 -17"><span class='ocrx_word' id='word_1_111' title='bbox 135 1996 169 2038; x_wconf 75' lang='lat' dir='ltr'>re</span> <span class='ocrx_word' id='word_1_112' title='bbox 193 1970 243 2034; x_wconf 86' lang='lat' dir='ltr'>ad</span> <span class='ocrx_word' id='word_1_113' title='bbox 278 1990 379 2035; x_wconf 87' lang='lat' dir='ltr'>eum:</span> <span class='ocrx_word' id='word_1_114' title='bbox 413 1971 527 2048; x_wconf 86' lang='lat' dir='ltr'>Vade,</span> <span class='ocrx_word' id='word_1_115' title='bbox 565 1973 623 2036; x_wconf 90' lang='lat' dir='ltr'>sic</span> <span class='ocrx_word' id='word_1_116' title='bbox 659 1972 797 2036; x_wconf 88' lang='lat' dir='ltr'>facies.</span> <span class='ocrx_word' id='word_1_117' title='bbox 833 1970 970 2053; x_wconf 88' lang='lat' dir='ltr'>ideoque</span> <span class='ocrx_word' id='word_1_118' title='bbox 1002 1973 1033 2034; x_wconf 91' lang='lat' dir='ltr'>et</span> <span class='ocrx_word' id='word_1_119' title='bbox 1065 1973 1228 2053; x_wconf 87' lang='lat' dir='ltr'>apostolus</span> <span class='ocrx_word' id='word_1_120' title='bbox 1259 1971 1317 2035; x_wconf 88' lang='lat' dir='ltr'>ait:</span> 
     </span>
     <span class='ocr_line' id='line_1_17' title="bbox 190 2076 1360 2162; baseline -0.002 -20"><span class='ocrx_word' id='word_1_121' title='bbox 190 2076 278 2142; x_wconf 90' lang='lat' dir='ltr'>Non</span> <span class='ocrx_word' id='word_1_122' title='bbox 313 2097 494 2162; x_wconf 86' lang='lat' dir='ltr'>magnum</span> <span class='ocrx_word' id='word_1_123' title='bbox 532 2081 603 2157; x_wconf 88' lang='lat' dir='ltr'>est,</span> <span class='ocrx_word' id='word_1_124' title='bbox 641 2078 675 2142; x_wconf 93' lang='lat' dir='ltr'>ei</span> <span class='ocrx_word' id='word_1_125' title='bbox 707 2081 745 2142; x_wconf 89' lang='lat' dir='ltr'>et</span> <span class='ocrx_word' id='word_1_126' title='bbox 776 2079 938 2141; x_wconf 88' lang='lat' dir='ltr'>satanas</span> <span class='ocrx_word' id='word_1_127' title='bbox 970 2077 1246 2159; x_wconf 83' lang='lat' dir='ltr'>transfigurat</span> <span class='ocrx_word' id='word_1_128' title='bbox 1277 2079 1360 2141; x_wconf 89' lang='lat' dir='ltr'>se5</span> 
     </span>
     <span class='ocr_line' id='line_1_18' title="bbox 191 2182 1317 2268; baseline 0 -21"><span class='ocrx_word' id='word_1_129' title='bbox 191 2185 311 2248; x_wconf 90' lang='lat' dir='ltr'>uelut</span> <span class='ocrx_word' id='word_1_130' title='bbox 338 2185 521 2268; x_wconf 85' lang='lat' dir='ltr'>angelum</span> <span class='ocrx_word' id='word_1_131' title='bbox 548 2184 665 2262; x_wconf 87' lang='lat' dir='ltr'>lucis,</span> <span class='ocrx_word' id='word_1_132' title='bbox 695 2203 778 2248; x_wconf 91' lang='lat' dir='ltr'>cnm</span> <span class='ocrx_word' id='word_1_133' title='bbox 805 2183 937 2265; x_wconf 89' lang='lat' dir='ltr'>ipsius</span> <span class='ocrx_word' id='word_1_134' title='bbox 962 2182 1172 2247; x_wconf 72' lang='lat' dir='ltr'>satellites</span> <span class='ocrx_word' id='word_1_135' title='bbox 1195 2186 1317 2248; x_wconf 89' lang='lat' dir='ltr'>trans·</span> 
     </span>
     <span class='ocr_line' id='line_1_19' title="bbox 191 2289 1318 2373; baseline -0.004 -18"><span class='ocrx_word' id='word_1_136' title='bbox 191 2290 438 2373; x_wconf 85' lang='lat' dir='ltr'>figurantur.</span> <span class='ocrx_word' id='word_1_137' title='bbox 471 2291 511 2354; x_wconf 83' lang='lat' dir='ltr'>lit</span> <span class='ocrx_word' id='word_1_138' title='bbox 536 2290 582 2355; x_wconf 86' lang='lat' dir='ltr'>ita</span> <span class='ocrx_word' id='word_1_139' title='bbox 608 2290 767 2373; x_wconf 89' lang='lat' dir='ltr'>decipiunt</span> <span class='ocrx_word' id='word_1_140' title='bbox 792 2291 910 2354; x_wconf 88' lang='lat' dir='ltr'>multos</span> <span class='ocrx_word' id='word_1_141' title='bbox 941 2291 1026 2367; x_wconf 88' lang='lat' dir='ltr'>uisu,</span> <span class='ocrx_word' id='word_1_142' title='bbox 1052 2289 1147 2355; x_wconf 83' lang='lat' dir='ltr'>uerbo</span> <span class='ocrx_word' id='word_1_143' title='bbox 1175 2291 1229 2352; x_wconf 89' lang='lat' dir='ltr'>aut</span> <span class='ocrx_word' id='word_1_144' title='bbox 1250 2306 1318 2372; x_wconf 94' lang='lat' dir='ltr'>per-</span> 
     </span>
     <span class='ocr_line' id='line_1_20' title="bbox 192 2394 1316 2479; baseline -0.002 -19"><span class='ocrx_word' id='word_1_145' title='bbox 192 2396 340 2462; x_wconf 80' lang='lat' dir='ltr'>suasione</span> <span class='ocrx_word' id='word_1_146' title='bbox 367 2415 428 2461; x_wconf 89' lang='lat' dir='ltr'>non</span> <span class='ocrx_word' id='word_1_147' title='bbox 455 2397 583 2461; x_wconf 86' lang='lat' dir='ltr'>alterius</span> <span class='ocrx_word' id='word_1_148' title='bbox 609 2397 655 2461; x_wconf 88' lang='lat' dir='ltr'>rei</span> <span class='ocrx_word' id='word_1_149' title='bbox 682 2395 806 2479; x_wconf 90' lang='lat' dir='ltr'>quippe,</span> <span class='ocrx_word' id='word_1_150' title='bbox 833 2395 895 2459; x_wconf 85' lang='lat' dir='ltr'>nisi</span> <span class='ocrx_word' id='word_1_151' title='bbox 921 2396 1011 2478; x_wconf 86' lang='lat' dir='ltr'>quasi</span> <span class='ocrx_word' id='word_1_152' title='bbox 1038 2394 1151 2460; x_wconf 89' lang='lat' dir='ltr'>similis</span> <span class='ocrx_word' id='word_1_153' title='bbox 1179 2398 1211 2460; x_wconf 93' lang='lat' dir='ltr'>et</span> <span class='ocrx_word' id='word_1_154' title='bbox 1240 2395 1316 2473; x_wconf 66' lang='lat' dir='ltr'>ueri,</span> 
     </span>
     <span class='ocr_line' id='line_1_21' title="bbox 137 2500 1318 2583; baseline -0.002 -17"><span class='ocrx_word' id='word_1_155' title='bbox 137 2525 170 2566; x_wconf 72' lang='lat' dir='ltr'>ro</span> <span class='ocrx_word' id='word_1_156' title='bbox 192 2504 240 2581; x_wconf 93' lang='lat' dir='ltr'>nt,</span> <span class='ocrx_word' id='word_1_157' title='bbox 273 2521 344 2567; x_wconf 93' lang='lat' dir='ltr'>cum</span> <span class='ocrx_word' id='word_1_158' title='bbox 376 2502 480 2568; x_wconf 84' lang='lat' dir='ltr'>uerbis</span> <span class='ocrx_word' id='word_1_159' title='bbox 512 2503 613 2567; x_wconf 92' lang='lat' dir='ltr'>ueluti</span> <span class='ocrx_word' id='word_1_160' title='bbox 644 2502 800 2566; x_wconf 87' lang='lat' dir='ltr'>similibus</span> <span class='ocrx_word' id='word_1_161' title='bbox 833 2505 865 2565; x_wconf 86' lang='lat' dir='ltr'>et</span> <span class='ocrx_word' id='word_1_162' title='bbox 895 2500 1018 2565; x_wconf 86' lang='lat' dir='ltr'>uiaibus</span> <span class='ocrx_word' id='word_1_163' title='bbox 1051 2501 1140 2583; x_wconf 88' lang='lat' dir='ltr'>quasi</span> <span class='ocrx_word' id='word_1_164' title='bbox 1167 2501 1258 2564; x_wconf 89' lang='lat' dir='ltr'>bonis</span> <span class='ocrx_word' id='word_1_165' title='bbox 1286 2504 1318 2575; x_wconf 78' lang='lat' dir='ltr'>et</span> 
     </span>
     <span class='ocr_line' id='line_1_22' title="bbox 192 2607 1316 2690; baseline -0.003 -17"><span class='ocrx_word' id='word_1_166' title='bbox 192 2628 255 2674; x_wconf 89' lang='lat' dir='ltr'>non</span> <span class='ocrx_word' id='word_1_167' title='bbox 291 2609 382 2674; x_wconf 88' lang='lat' dir='ltr'>malis</span> <span class='ocrx_word' id='word_1_168' title='bbox 418 2609 448 2673; x_wconf 93' lang='lat' dir='ltr'>in</span> <span class='ocrx_word' id='word_1_169' title='bbox 485 2612 623 2690; x_wconf 90' lang='lat' dir='ltr'>tempore</span> <span class='ocrx_word' id='word_1_170' title='bbox 663 2609 776 2672; x_wconf 88' lang='lat' dir='ltr'>uolunt</span> <span class='ocrx_word' id='word_1_171' title='bbox 807 2607 930 2672; x_wconf 89' lang='lat' dir='ltr'>credere</span> <span class='ocrx_word' id='word_1_172' title='bbox 967 2610 1060 2688; x_wconf 90' lang='lat' dir='ltr'>atque</span> <span class='ocrx_word' id='word_1_173' title='bbox 1097 2607 1142 2670; x_wconf 90' lang='lat' dir='ltr'>eis</span> <span class='ocrx_word' id='word_1_174' title='bbox 1177 2607 1316 2671; x_wconf 86' lang='lat' dir='ltr'>inherere</span> 
     </span>
     <span class='ocr_line' id='line_1_23' title="bbox 192 2713 1318 2794; baseline -0.003 -15"><span class='ocrx_word' id='word_1_175' title='bbox 192 2715 346 2794; x_wconf 90' lang='lat' dir='ltr'>homines,</span> <span class='ocrx_word' id='word_1_176' title='bbox 380 2715 592 2779; x_wconf 88' lang='lat' dir='ltr'>ineuitabilem</span> <span class='ocrx_word' id='word_1_177' title='bbox 624 2717 765 2780; x_wconf 88' lang='lat' dir='ltr'>aetarnae</span> <span class='ocrx_word' id='word_1_178' title='bbox 796 2713 906 2777; x_wconf 88' lang='lat' dir='ltr'>mortis</span> <span class='ocrx_word' id='word_1_179' title='bbox 936 2714 1093 2778; x_wconf 83' lang='lat' dir='ltr'>incurrant</span> <span class='ocrx_word' id='word_1_180' title='bbox 1119 2713 1318 2790; x_wconf 85' lang='lat' dir='ltr'>sententiam,</span> 
     </span>
     <span class='ocr_line' id='line_1_24' title="bbox 194 2813 1317 2905; baseline -0.003 -20"><span class='ocrx_word' id='word_1_181' title='bbox 194 2822 390 2902; x_wconf 86' lang='lat' dir='ltr'>diuersisque</span> <span class='ocrx_word' id='word_1_182' title='bbox 420 2825 493 2905; x_wconf 90' lang='lat' dir='ltr'>post</span> <span class='ocrx_word' id='word_1_183' title='bbox 523 2821 640 2885; x_wconf 83' lang='lat' dir='ltr'>exitum</span> <span class='ocrx_word' id='word_1_184' title='bbox 672 2820 809 2902; x_wconf 88' lang='lat' dir='ltr'>corporis</span> <span class='ocrx_word' id='word_1_185' title='bbox 836 2813 1005 2902; x_wconf 83' lang='lat' dir='ltr'>poenielet</span> <span class='ocrx_word' id='word_1_186' title='bbox 1031 2817 1221 2883; x_wconf 84' lang='lat' dir='ltr'>cruciatibus</span> <span class='ocrx_word' id='word_1_187' title='bbox 1248 2837 1317 2900; x_wconf 93' lang='lat' dir='ltr'>pes·</span> 
     </span>
     <span class='ocr_line' id='line_1_25' title="bbox 193 2923 1315 3010; baseline -0.005 -18"><span class='ocrx_word' id='word_1_188' title='bbox 193 2927 388 2992; x_wconf 85' lang='lat' dir='ltr'>eumdcntur.</span> <span class='ocrx_word' id='word_1_189' title='bbox 421 2925 512 3005; x_wconf 80' lang='lat' dir='ltr'>Quod</span> <span class='ocrx_word' id='word_1_190' title='bbox 539 2930 571 2991; x_wconf 88' lang='lat' dir='ltr'>et</span> <span class='ocrx_word' id='word_1_191' title='bbox 595 2927 663 3010; x_wconf 88' lang='lat' dir='ltr'>regi</span> <span class='ocrx_word' id='word_1_192' title='bbox 685 2926 871 2990; x_wconf 87' lang='lat' dir='ltr'>ludaeorum</span> <span class='ocrx_word' id='word_1_193' title='bbox 895 2924 951 2989; x_wconf 90' lang='lat' dir='ltr'>illo</span> <span class='ocrx_word' id='word_1_194' title='bbox 978 2928 1119 3007; x_wconf 88' lang='lat' dir='ltr'>tempore</span> <span class='ocrx_word' id='word_1_195' title='bbox 1142 2923 1315 3006; x_wconf 88' lang='lat' dir='ltr'>periculum</span> 
     </span>
     <span class='ocr_line' id='line_1_26' title="bbox 141 3029 1315 3116; baseline -0.003 -19"><span class='ocrx_word' id='word_1_196' title='bbox 141 3054 172 3097; x_wconf 80' lang='lat' dir='ltr'>ss</span> <span class='ocrx_word' id='word_1_197' title='bbox 194 3033 387 3115; x_wconf 88' lang='lat' dir='ltr'>superuenit,</span> <span class='ocrx_word' id='word_1_198' title='bbox 416 3033 499 3114; x_wconf 93' lang='lat' dir='ltr'>quod</span> <span class='ocrx_word' id='word_1_199' title='bbox 525 3032 614 3097; x_wconf 86' lang='lat' dir='ltr'>falsis</span> <span class='ocrx_word' id='word_1_200' title='bbox 641 3032 743 3116; x_wconf 88' lang='lat' dir='ltr'>magis</span> <span class='ocrx_word' id='word_1_201' title='bbox 772 3049 864 3114; x_wconf 90' lang='lat' dir='ltr'>quam</span> <span class='ocrx_word' id='word_1_202' title='bbox 891 3030 975 3095; x_wconf 90' lang='lat' dir='ltr'>ueris</span> <span class='ocrx_word' id='word_1_203' title='bbox 999 3030 1048 3094; x_wconf 91' lang='lat' dir='ltr'>dei</span> <span class='ocrx_word' id='word_1_204' title='bbox 1070 3029 1229 3113; x_wconf 84' lang='lat' dir='ltr'>prophetis</span> <span class='ocrx_word' id='word_1_205' title='bbox 1253 3047 1315 3094; x_wconf 88' lang='lat' dir='ltr'>ere·</span> 
     </span>
     <span class='ocr_line' id='line_1_27' title="bbox 193 3139 462 3205; baseline 0 -2"><span class='ocrx_word' id='word_1_206' title='bbox 193 3139 266 3204; x_wconf 89' lang='lat' dir='ltr'>dere</span> <span class='ocrx_word' id='word_1_207' title='bbox 287 3139 462 3205; x_wconf 87' lang='lat' dir='ltr'>maluisset.</span> 
     </span>
    </p>
   </div>
   <div class='ocr_carea' id='block_1_3' title="bbox 704 3324 806 3378">
    <p class='ocr_par' dir='ltr' id='par_1_3' title="bbox 704 3324 806 3378">
     <span class='ocr_line' id='line_1_28' title="bbox 704 3324 806 3378; baseline 0 0"><span class='ocrx_word' id='word_1_208' title='bbox 704 3324 806 3378; x_wconf 89' lang='lat' dir='ltr'>XXVII</span> 
     </span>
    </p>
   </div>
   <div class='ocr_carea' id='block_1_4' title="bbox 142 3447 1316 3851">
    <p class='ocr_par' dir='ltr' id='par_1_4' title="bbox 142 3447 1316 3851">
     <span class='ocr_line' id='line_1_29' title="bbox 237 3447 1315 3534; baseline -0.006 -17"><span class='ocrx_word' id='word_1_209' title='bbox 237 3453 295 3517; x_wconf 79' lang='lat' dir='ltr'>ust</span> <span class='ocrx_word' id='word_1_210' title='bbox 314 3452 433 3516; x_wconf 87' lang='lat' dir='ltr'>heresis</span> <span class='ocrx_word' id='word_1_211' title='bbox 455 3453 486 3516; x_wconf 92' lang='lat' dir='ltr'>in</span> <span class='ocrx_word' id='word_1_212' title='bbox 509 3452 633 3516; x_wconf 89' lang='lat' dir='ltr'>ludaeis</span> <span class='ocrx_word' id='word_1_213' title='bbox 657 3470 735 3534; x_wconf 84' lang='lat' dir='ltr'>queo</span> <span class='ocrx_word' id='word_1_214' title='bbox 757 3451 874 3515; x_wconf 86' lang='lat' dir='ltr'>Asthar</span> <span class='ocrx_word' id='word_1_215' title='bbox 895 3453 927 3515; x_wconf 89' lang='lat' dir='ltr'>et</span> <span class='ocrx_word' id='word_1_216' title='bbox 948 3447 1118 3513; x_wconf 82' lang='lat' dir='ltr'>Aetheroth</span> <span class='ocrx_word' id='word_1_217' title='bbox 1140 3449 1214 3531; x_wconf 83' lang='lat' dir='ltr'>post</span> <span class='ocrx_word' id='word_1_218' title='bbox 1230 3447 1315 3512; x_wconf 77' lang='lat' dir='ltr'>Moci</span> 
     </span>
     <span class='ocr_line' id='line_1_30' title="bbox 192 3552 1316 3639; baseline -0.007 -15"><span class='ocrx_word' id='word_1_219' title='bbox 192 3557 425 3624; x_wconf 83' lang='lat' dir='ltr'>defunctionem</span> <span class='ocrx_word' id='word_1_220' title='bbox 455 3558 748 3639; x_wconf 89' lang='lat' dir='ltr'>successionemque</span> <span class='ocrx_word' id='word_1_221' title='bbox 773 3556 873 3619; x_wconf 89' lang='lat' dir='ltr'>Hiesu</span> <span class='ocrx_word' id='word_1_222' title='bbox 905 3555 962 3619; x_wconf 91' lang='lat' dir='ltr'>filii</span> <span class='ocrx_word' id='word_1_223' title='bbox 987 3554 1076 3618; x_wconf 90' lang='lat' dir='ltr'>Naue</span> <span class='ocrx_word' id='word_1_224' title='bbox 1107 3553 1243 3618; x_wconf 87' lang='lat' dir='ltr'>colentes</span> <span class='ocrx_word' id='word_1_225' title='bbox 1276 3552 1316 3616; x_wconf 86' lang='lat' dir='ltr'>ad</span> 
     </span>
     <span class='ocr_line' id='line_1_31' title="bbox 142 3657 1315 3749; baseline -0.008 -19"><span class='ocrx_word' id='word_1_226' title='bbox 142 3694 173 3736; x_wconf 75' lang='lat' dir='ltr'>ao</span> <span class='ocrx_word' id='word_1_227' title='bbox 191 3663 411 3747; x_wconf 87' lang='lat' dir='ltr'>captiuitatem</span> <span class='ocrx_word' id='word_1_228' title='bbox 434 3662 597 3749; x_wconf 84' lang='lat' dir='ltr'>gentilium</span> <span class='ocrx_word' id='word_1_229' title='bbox 620 3662 829 3727; x_wconf 85' lang='lat' dir='ltr'>tradebantur.</span> <span class='ocrx_word' id='word_1_230' title='bbox 852 3660 933 3725; x_wconf 93' lang='lat' dir='ltr'>Nam</span> <span class='ocrx_word' id='word_1_231' title='bbox 955 3659 1071 3724; x_wconf 83' lang='lat' dir='ltr'>Asthar</span> <span class='ocrx_word' id='word_1_232' title='bbox 1093 3661 1125 3723; x_wconf 87' lang='lat' dir='ltr'>et</span> <span class='ocrx_word' id='word_1_233' title='bbox 1146 3657 1315 3722; x_wconf 84' lang='lat' dir='ltr'>Astharoth</span> 
     </span>
     <span class='ocr_line' id='line_1_32' title="bbox 190 3762 1315 3851; baseline -0.007 -17"><span class='ocrx_word' id='word_1_234' title='bbox 190 3770 335 3837; x_wconf 91' lang='lat' dir='ltr'>homines</span> <span class='ocrx_word' id='word_1_235' title='bbox 364 3771 395 3832; x_wconf 89' lang='lat' dir='ltr'>et</span> <span class='ocrx_word' id='word_1_236' title='bbox 420 3768 552 3833; x_wconf 88' lang='lat' dir='ltr'>feminas</span> <span class='ocrx_word' id='word_1_237' title='bbox 575 3766 752 3851; x_wconf 85' lang='lat' dir='ltr'>figurasque</span> <span class='ocrx_word' id='word_1_238' title='bbox 780 3785 887 3831; x_wconf 88' lang='lat' dir='ltr'>corum</span> <span class='ocrx_word' id='word_1_239' title='bbox 909 3765 1061 3840; x_wconf 87' lang='lat' dir='ltr'>colebant,</span> <span class='ocrx_word' id='word_1_240' title='bbox 1086 3781 1164 3846; x_wconf 88' lang='lat' dir='ltr'>quae</span> <span class='ocrx_word' id='word_1_241' title='bbox 1190 3762 1315 3827; x_wconf 88' lang='lat' dir='ltr'>nomina</span> 
     </span>
    </p>
   </div>
   <div class='ocr_carea' id='block_1_5' title="bbox 280 3952 1315 4027">
    <p class='ocr_par' dir='ltr' id='par_1_5' title="bbox 280 3952 1315 4027">
     <span class='ocr_line' id='line_1_33' title="bbox 280 3952 1315 4027; baseline -0.011 -10"><span class='ocrx_word' id='word_1_242' title='bbox 280 3960 344 4017; x_wconf 78' lang='lat' dir='ltr'>cll.</span> <span class='ocrx_word' id='word_1_243' title='bbox 363 3977 397 4016; x_wconf 88' lang='lat' dir='ltr'>ee.</span> <span class='ocrx_word' id='word_1_244' title='bbox 418 3961 450 4014; x_wconf 85' lang='lat'>19</span> <span class='ocrx_word' id='word_1_245' title='bbox 467 3976 536 4027; x_wconf 81' lang='lat' dir='ltr'>seqq.</span> <span class='ocrx_word' id='word_1_246' title='bbox 582 3959 661 4016; x_wconf 88' lang='lat' dir='ltr'>1c11</span> <span class='ocrx_word' id='word_1_247' title='bbox 679 3957 738 4012; x_wconf 86' lang='lat' dir='ltr'>Cor.</span> <span class='ocrx_word' id='word_1_248' title='bbox 755 3957 794 4010; x_wconf 86' lang='lat' dir='ltr'>XI</span> <span class='ocrx_word' id='word_1_249' title='bbox 813 3958 854 4011; x_wconf 90' lang='lat'>14.</span> <span class='ocrx_word' id='word_1_250' title='bbox 875 3957 907 4010; x_wconf 82' lang='lat'>15</span> <span class='ocrx_word' id='word_1_251' title='bbox 950 3959 985 4012; x_wconf 80' lang='grc'>28</span> <span class='ocrx_word' id='word_1_252' title='bbox 1002 3955 1066 4008; x_wconf 79' lang='lat' dir='ltr'>uide</span> <span class='ocrx_word' id='word_1_253' title='bbox 1083 3969 1169 4022; x_wconf 77' lang='lat' dir='ltr'>supra</span> <span class='ocrx_word' id='word_1_254' title='bbox 1188 3952 1227 4006; x_wconf 83' lang='lat' dir='ltr'>od</span> <span class='ocrx_word' id='word_1_255' title='bbox 1237 3952 1315 4006; x_wconf 85' lang='lat' dir='ltr'><strong>XVII</strong></span> 
     </span>
    </p>
   </div>
   <div class='ocr_carea' id='block_1_6' title="bbox 189 4074 1318 4240">
    <p class='ocr_par' dir='ltr' id='par_1_6' title="bbox 189 4074 1318 4240">
     <span class='ocr_line' id='line_1_34' title="bbox 228 4074 1318 4152; baseline -0.013 -11"><span class='ocrx_word' id='word_1_256' title='bbox 228 4082 443 4152; x_wconf 80' lang='lat' dir='ltr'>1ae10quau¹</span> <span class='ocrx_word' id='word_1_257' title='bbox 548 4082 677 4150; x_wconf 89' lang='lat' dir='ltr'>praelium</span> <span class='ocrx_word' id='word_1_258' title='bbox 765 4082 800 4137; x_wconf 88' lang='grc'>22</span> <span class='ocrx_word' id='word_1_259' title='bbox 824 4079 911 4133; x_wconf 81' lang='lat' dir='ltr'>sentia</span> <span class='ocrx_word' id='word_1_260' title='bbox 933 4076 972 4131; x_wconf 87' lang='lat' dir='ltr'>B¹</span> <span class='ocrx_word' id='word_1_261' title='bbox 1055 4081 1091 4135; x_wconf 77' lang='lat'>23</span> <span class='ocrx_word' id='word_1_262' title='bbox 1113 4074 1318 4146; x_wconf 83' lang='lat' dir='ltr'>pessumdentur</span> 
     </span>
     <span class='ocr_line' id='line_1_35' title="bbox 189 4169 665 4240; baseline -0.002 -16"><span class='ocrx_word' id='word_1_263' title='bbox 189 4169 665 4240; x_wconf 76' lang='lat' dir='ltr'>28moeilauperopoeuitim2</span> 
     </span>
    </p>
   </div>
   <div class='ocr_carea' id='block_1_7' title="bbox 0 0 1438 4614">
    <p class='ocr_par' dir='ltr' id='par_1_7' title="bbox 0 0 1438 4614">
     <span class='ocr_line' id='line_1_36' title="bbox 0 0 1438 4614; baseline 0 0"><span class='ocrx_word' id='word_1_264' title='bbox 0 0 1438 4614; x_wconf 95' lang='lat' dir='ltr'> </span> 
     </span>
    </p>
   </div>
  </div>
 </body>
</html>
