2866 4614
181 291 223 355 46
368 285 545 342 FILASTRII
562 283 790 342 muneravit
807 284 1000 341 HERESEON
1016 284 1124 340 Linum

183 481 374 560 criminis,
410 480 512 545 facit
548 499 628 544 earn
663 478 873 546 moechari.
912 517 956 548 m
986 479 1082 545 Aliud
1113 482 1162 544 est
1191 479 1295 564 itaque

183 607 335 654 consensu
352 586 508 651 communi
521 586 580 650 hoc
598 584 664 650 fieri
681 584 782 650 laudis
795 581 798 651 i
811 603 904 649 causa
921 585 1046 650 maioris
1066 585 1296 668 consequendae

183 693 357 770 adomim,
381 695 412 757 et
434 691 518 756 aliud
541 693 645 757 contra
666 691 769 775 legem
792 690 931 770 suadere,
954 695 1118 774 contraque
1138 690 1297 758 amborum

140 797 160 858 4
183 801 285 865 facere
312 799 514 864 uoluntatem.
546 797 586 862 Et
614 798 741 863 iterum:
770 793 843 876 Qui
866 816 936 862 uon
957 796 1177 876 manducat,
1200 816 1297 863 man·

185 906 394 970 ducantom
417 924 488 969 nou
513 905 684 986 spernat,
709 905 747 968 et
769 903 836 986 qui
857 903 1076 981 manducat,
1099 923 1173 969 non
1200 922 1296 970 man·
1329 925 1342 968 ι

186 1012 392 1076 ducentem
423 1029 495 1075 non
528 1009 690 1076 iudicet.
725 1007 815 1088 Quod
847 1028 882 1074 ex
914 1010 1073 1074 uoluntate
1106 1011 1155 1074 est
1180 1010 1297 1094 itaquo,

184 1117 285 1182 laudis
314 1118 362 1181 cst
389 1119 420 1182 et
446 1115 613 1200 amplioris,
639 1115 735 1180 immo
762 1116 867 1198 potius
894 1115 1044 1181 mercedis
1076 1115 1218 1182 caelestis
1251 1118 1301 1182 est

142 1220 161 1283 5
185 1222 385 1287 desiderium:
418 1222 500 1306 quod
528 1224 632 1286 autem
661 1225 744 1288 extra
765 1223 866 1308 legem
890 1225 948 1301 est,
972 1241 1031 1287 non
1054 1240 1072 1286 a
1095 1222 1151 1287 deo
1175 1221 1299 1288 Christo

185 1332 234 1394 cst
264 1328 422 1405 traditum,
455 1329 510 1392 sed
541 1327 623 1392 inani
654 1327 812 1392 hominum
847 1328 1096 1411 praesumptione
1131 1331 1163 1392 et
1199 1346 1299 1393 errore

183 1434 353 1499 inuentum.
386 1433 541 1515 Scriptum
566 1437 614 1498 est
636 1434 729 1498 anim:
758 1434 856 1498 Dedi
883 1433 998 1499 uobis
1027 1432 1154 1498 omnia
1183 1431 1299 1498 edere
1318 1455 1343 1496 ro

142 1537 161 1601 6
186 1539 289 1604 sicut
320 1540 482 1605 saeuum.
514 1540 583 1605 Hoc
610 1544 712 1605 autem
734 1539 804 1605 ideo
825 1536 1017 1628 faciuntiiut
1039 1558 1126 1604 escas
1147 1537 1301 1621 paulatim

185 1650 363 1728 spernentes
387 1646 491 1711 dicant
513 1665 564 1711 eas
587 1665 646 1710 non
670 1665 739 1712 csse
761 1646 867 1722 bonas,
892 1649 924 1710 et
944 1647 989 1711 ita
1011 1665 1070 1710 uon
1089 1666 1107 1711 a
1125 1644 1182 1711 dcc
1201 1644 1302 1710 homi·

184 1751 276 1818 nibus
304 1771 392 1818 escae
421 1772 514 1818 causa
541 1752 640 1816 fuisse
668 1770 840 1829 concessas,
868 1753 922 1817 sed
950 1771 968 1816 a
994 1751 1115 1817 diabolo
1142 1750 1241 1816 factas
1263 1753 1304 1816 nt

186 1858 337 1938 adserunt,
368 1858 414 1924 itu
445 1858 583 1923 sentiunt
613 1858 707 1941 inque
736 1856 796 1923 hoc
822 1857 885 1923 iam
912 1861 1082 1924 creaturam
1109 1876 1169 1923 uon
1197 1877 1216 1921 a
1242 1856 1301 1922 deo

186 1967 328 2046 creatam,
354 1964 408 2030 scd
436 1985 453 2029 a
480 1964 602 2029 diabolo
631 1983 697 2028 cam
725 1963 838 2029 factam
865 1967 903 2028 ut
931 1964 1109 2046 praedicent
1140 1963 1302 2029 enituntur
1318 1984 1343 2026 ιι

185 2089 300 2153 parque
322 2070 381 2134 hoo
404 2069 562 2135 mendacio
585 2070 755 2143 multorum
778 2069 894 2135 animas
918 2070 1123 2152 captiuarunt.

699 2329 785 2395 LVII

50 2491 169 2548 LXXXV
228 2486 291 2552 Alii
314 2491 386 2553 suut
406 2488 438 2553 iu
457 2482 562 2553 Africa
579 2486 764 2553 circuitores
788 2487 907 2571 quiite
929 2487 1081 2553 dicuntur.
1105 2485 1147 2552 Hi
1170 2484 1302 2552 circum·

188 2596 262 2657 euut
287 2596 411 2670 terram,
441 2595 472 2657 et
504 2611 581 2674 quor
609 2591 770 2658 inueniunt
796 2593 827 2656 in
854 2592 917 2672 uia,
941 2594 1056 2676 cogunt
1078 2610 1131 2656 eos
1154 2593 1191 2656 ut
1208 2590 1303 2658 intar-

187 2696 329 2762 ficiuntur
347 2698 384 2762 ab
402 2697 475 2775 illis,
496 2697 631 2763 dicentes
650 2716 684 2763 se
702 2697 875 2763 desiderare
892 2697 957 2780 pati
976 2696 1167 2780 martyrium,
1187 2698 1220 2761 et
1241 2696 1301 2762 sub
1320 2719 1344 2759 a

145 2804 282 2867 dcausa
302 2803 360 2867 hac
388 2801 480 2872 multi
505 2801 753 2872 latroiciuantur
776 2801 941 2868 interdum.
974 2798 1106 2881 Quidam
1134 2803 1239 2866 autern
1267 2820 1303 2866 or

187 2906 236 2971 his
263 2908 363 2973 ueluti
389 2899 560 2973 biothanati
587 2909 761 2973 moriuntur
787 2926 856 2973 seso
883 2907 990 2973 dantes
1013 2906 1052 2971 ad
1074 2905 1302 2990 praecipitium,

188 3013 406 3095 diuersumque
442 3014 576 3079 subeunt
611 3013 795 3079 calamitatis
828 3013 998 3079 interitum.
1036 3009 1095 3092 Qui
1132 3028 1203 3077 curn
1236 3011 1303 3078 sine

188 3137 282 3184 causa
311 3118 410 3202 perire
440 3119 486 3184 ita
516 3121 688 3201 properant,
719 3120 866 3185 honestae
892 3118 1001 3185 mortis
1029 3117 1184 3182 sustinent
1211 3116 1303 3183 datri-

187 3227 301 3301 menta
342 3227 375 3290 ot
413 3224 528 3290 iudicio
569 3225 618 3290 dei
658 3224 762 3291 futuro
804 3244 837 3290 se
877 3225 984 3307 potius
1023 3221 1173 3305 inplicant
1209 3240 1300 3306 qnam
1318 3242 1344 3288 ιι

190 3330 324 3394 uoluunt.

217 3591 220 3597 ’
277 3621 800 3686 1<roonu115>un0nxrvn
853 3619 1054 3680 moeonas
1135 3676 1136 3681 ι

225 3817 239 3871 1
258 3837 300 3866 eo·
317 3813 487 3869 Exciderant
499 3813 586 3868 Pauli
598 3813 668 3867 Iud
682 3812 742 3867 Gor.
759 3812 821 3867 VII
833 3814 851 3866 d
863 3811 1023 3882 premissis
1040 3811 1075 3865 Et
1091 3810 1192 3866 Paulus
1209 3811 1304 3867 beatus

191 3901 326 3971 apostolus
341 3901 417 3977 dicit:
466 3902 620 3956 ietomB
667 3903 702 3957 10
716 3893 1067 3954 dodineASicirordus
1111 3901 1148 3956 112
1161 3898 1256 3954 dicunt
1267 3897 1306 3954 A¹

192 3992 225 4047 13
238 4005 361 4044 concessa
429 3989 513 4044 factas
531 3994 562 4044 ut
579 3989 606 4044 B
623 3987 694 4043 iacta
713 3992 776 4042 sunt
792 3988 819 4041 A
880 3989 913 4045 15
931 3987 1003 4041 iacta
1019 3988 1047 4041 A
1121 3985 1264 4057 predicant
1280 3987 1307 4042 A

192 4082 224 4135 lc
240 4077 377 4133 mandacio
395 4079 422 4133 B
439 4077 602 4133 mendatium
619 4078 646 4132 A
663 4077 814 4132 Sidrardua
883 4078 916 4132 li)
932 4079 1016 4131 terras
1034 4076 1062 4129 B
1125 4076 1162 4132 20
1178 4075 1264 4146 pediti
1281 4076 1308 4130 B

190 4168 224 4222 ᾗ
242 4167 317 4220 uelut
334 4167 361 4220 B
430 4166 581 4221 biothonati
597 4166 624 4219 A
676 4166 711 4220 25
727 4165 867 4235 implicant
884 4163 911 4216 B
